timestamp,task1_state,task2_state,task3_state,task9_state,debug_value
2025-03-20 00:00:00.000040,TaskState.Suspended,TaskState.Ready,TaskState.Ready,TaskState.Ready,0.00
2025-03-20 00:00:00.000100,TaskState.Suspended,TaskState.Ready,TaskState.Ready,TaskState.Ready,0.00
2025-03-20 00:00:00.000120,TaskState.Suspended,TaskState.Running,TaskState.Ready,TaskState.Ready,0.00
2025-03-20 00:00:00.000190,TaskState.Suspended,TaskState.Running,TaskState.Ready,TaskState.Ready,0.00
2025-03-20 00:00:00.000380,TaskState.Suspended,TaskState.Blocked,TaskState.Running,TaskState.Ready,0.00
2025-03-20 00:00:00.000480,TaskState.Suspended,TaskState.Blocked,TaskState.Blocked,TaskState.Running,0.00
2025-03-20 00:00:00.006140,TaskState.Running,TaskState.Blocked,TaskState.Blocked,TaskState.Ready,0.00
2025-03-20 00:00:00.006270,TaskState.Suspended,TaskState.Blocked,TaskState.Blocked,TaskState.Running,0.26
2025-03-20 00:00:00.008670,TaskState.Running,TaskState.Blocked,TaskState.Blocked,TaskState.Ready,0.26
2025-03-20 00:00:00.008800,TaskState.Suspended,TaskState.Blocked,TaskState.Blocked,TaskState.Running,0.51
2025-03-20 00:00:00.010030,TaskState.Suspended,TaskState.Running,TaskState.Blocked,TaskState.Ready,0.51
2025-03-20 00:00:00.010130,TaskState.Running,TaskState.Ready,TaskState.Blocked,TaskState.Ready,0.51
2025-03-20 00:00:00.010280,TaskState.Suspended,TaskState.Running,TaskState.Blocked,TaskState.Ready,0.77
2025-03-20 00:00:00.010520,TaskState.Suspended,TaskState.Blocked,TaskState.Blocked,TaskState.Running,0.77
2025-03-20 00:00:00.020030,TaskState.Suspended,TaskState.Running,TaskState.Blocked,TaskState.Ready,0.77
2025-03-20 00:00:00.020260,TaskState.Suspended,TaskState.Blocked,TaskState.Blocked,TaskState.Running,0.77
2025-03-20 00:00:00.020910,TaskState.Running,TaskState.Blocked,TaskState.Blocked,TaskState.Ready,0.77
2025-03-20 00:00:00.021060,TaskState.Suspended,TaskState.Blocked,TaskState.Blocked,TaskState.Running,0.51
2025-03-20 00:00:00.022390,TaskState.Running,TaskState.Blocked,TaskState.Blocked,TaskState.Ready,0.51
2025-03-20 00:00:00.022530,TaskState.Suspended,TaskState.Blocked,TaskState.Blocked,TaskState.Running,0.26
2025-03-20 00:00:00.024360,TaskState.Running,TaskState.Blocked,TaskState.Blocked,TaskState.Ready,0.26
2025-03-20 00:00:00.024500,TaskState.Suspended,TaskState.Blocked,TaskState.Blocked,TaskState.Running,0.00
2025-03-20 00:00:00.027280,TaskState.Running,TaskState.Blocked,TaskState.Blocked,TaskState.Ready,0.00
2025-03-20 00:00:00.027420,TaskState.Suspended,TaskState.Blocked,TaskState.Blocked,TaskState.Running,-0.26
2025-03-20 00:00:00.029410,TaskState.Running,TaskState.Blocked,TaskState.Blocked,TaskState.Ready,-0.26
2025-03-20 00:00:00.029560,TaskState.Suspended,TaskState.Blocked,TaskState.Blocked,TaskState.Running,-0.51
2025-03-20 00:00:00.030030,TaskState.Suspended,TaskState.Running,TaskState.Blocked,TaskState.Ready,-0.51
2025-03-20 00:00:00.030190,TaskState.Running,TaskState.Ready,TaskState.Blocked,TaskState.Ready,-0.51
2025-03-20 00:00:00.030330,TaskState.Suspended,TaskState.Running,TaskState.Blocked,TaskState.Ready,-0.77
2025-03-20 00:00:00.030540,TaskState.Suspended,TaskState.Blocked,TaskState.Blocked,TaskState.Running,-0.77
2025-03-20 00:00:00.031580,TaskState.Running,TaskState.Blocked,TaskState.Blocked,TaskState.Ready,-0.77
2025-03-20 00:00:00.031730,TaskState.Suspended,TaskState.Blocked,TaskState.Blocked,TaskState.Running,-1.03
2025-03-20 00:00:00.033720,TaskState.Running,TaskState.Blocked,TaskState.Blocked,TaskState.Ready,-1.03
2025-03-20 00:00:00.033860,TaskState.Suspended,TaskState.Blocked,TaskState.Blocked,TaskState.Running,-1.29
2025-03-20 00:00:00.035610,TaskState.Running,TaskState.Blocked,TaskState.Blocked,TaskState.Ready,-1.29
2025-03-20 00:00:00.035760,TaskState.Suspended,TaskState.Blocked,TaskState.Blocked,TaskState.Running,-1.54
2025-03-20 00:00:00.036160,TaskState.Running,TaskState.Blocked,TaskState.Blocked,TaskState.Ready,-1.54
2025-03-20 00:00:00.036290,TaskState.Suspended,TaskState.Blocked,TaskState.Blocked,TaskState.Running,-1.80
2025-03-20 00:00:00.037320,TaskState.Running,TaskState.Blocked,TaskState.Blocked,TaskState.Ready,-1.80
2025-03-20 00:00:00.037470,TaskState.Suspended,TaskState.Blocked,TaskState.Blocked,TaskState.Running,-2.06
2025-03-20 00:00:00.039340,TaskState.Running,TaskState.Blocked,TaskState.Blocked,TaskState.Ready,-2.06
2025-03-20 00:00:00.039490,TaskState.Suspended,TaskState.Blocked,TaskState.Blocked,TaskState.Running,-2.31
2025-03-20 00:00:00.040030,TaskState.Suspended,TaskState.Running,TaskState.Blocked,TaskState.Ready,-2.31
2025-03-20 00:00:00.040260,TaskState.Suspended,TaskState.Blocked,TaskState.Blocked,TaskState.Running,-2.31
2025-03-20 00:00:00.040930,TaskState.Running,TaskState.Blocked,TaskState.Blocked,TaskState.Ready,-2.31
2025-03-20 00:00:00.041080,TaskState.Suspended,TaskState.Blocked,TaskState.Blocked,TaskState.Running,-2.57
2025-03-20 00:00:00.041440,TaskState.Running,TaskState.Blocked,TaskState.Blocked,TaskState.Ready,-2.57
2025-03-20 00:00:00.041580,TaskState.Suspended,TaskState.Blocked,TaskState.Blocked,TaskState.Running,-2.83
2025-03-20 00:00:00.042460,TaskState.Running,TaskState.Blocked,TaskState.Blocked,TaskState.Ready,-2.83
2025-03-20 00:00:00.042600,TaskState.Suspended,TaskState.Blocked,TaskState.Blocked,TaskState.Running,-3.09
2025-03-20 00:00:00.044120,TaskState.Running,TaskState.Blocked,TaskState.Blocked,TaskState.Ready,-3.09
2025-03-20 00:00:00.044270,TaskState.Suspended,TaskState.Blocked,TaskState.Blocked,TaskState.Running,-3.34
2025-03-20 00:00:00.045370,TaskState.Running,TaskState.Blocked,TaskState.Blocked,TaskState.Ready,-3.34
2025-03-20 00:00:00.045510,TaskState.Suspended,TaskState.Blocked,TaskState.Blocked,TaskState.Running,-3.60
2025-03-20 00:00:00.045810,TaskState.Running,TaskState.Blocked,TaskState.Blocked,TaskState.Ready,-3.60
2025-03-20 00:00:00.045960,TaskState.Suspended,TaskState.Blocked,TaskState.Blocked,TaskState.Running,-3.86
2025-03-20 00:00:00.046700,TaskState.Running,TaskState.Blocked,TaskState.Blocked,TaskState.Ready,-3.86
2025-03-20 00:00:00.046860,TaskState.Suspended,TaskState.Blocked,TaskState.Blocked,TaskState.Running,-4.11
2025-03-20 00:00:00.048160,TaskState.Running,TaskState.Blocked,TaskState.Blocked,TaskState.Ready,-4.11
2025-03-20 00:00:00.048310,TaskState.Suspended,TaskState.Blocked,TaskState.Blocked,TaskState.Running,-4.37
2025-03-20 00:00:00.049270,TaskState.Running,TaskState.Blocked,TaskState.Blocked,TaskState.Ready,-4.37
2025-03-20 00:00:00.049420,TaskState.Suspended,TaskState.Blocked,TaskState.Blocked,TaskState.Running,-4.63
2025-03-20 00:00:00.049720,TaskState.Running,TaskState.Blocked,TaskState.Blocked,TaskState.Ready,-4.63
2025-03-20 00:00:00.049860,TaskState.Suspended,TaskState.Blocked,TaskState.Blocked,TaskState.Running,-4.89
2025-03-20 00:00:00.050030,TaskState.Suspended,TaskState.Running,TaskState.Blocked,TaskState.Ready,-4.89
2025-03-20 00:00:00.050260,TaskState.Suspended,TaskState.Blocked,TaskState.Blocked,TaskState.Running,-4.89
2025-03-20 00:00:00.050440,TaskState.Running,TaskState.Blocked,TaskState.Blocked,TaskState.Ready,-4.89
2025-03-20 00:00:00.050590,TaskState.Suspended,TaskState.Blocked,TaskState.Blocked,TaskState.Running,-5.14
2025-03-20 00:00:00.051790,TaskState.Running,TaskState.Blocked,TaskState.Blocked,TaskState.Ready,-5.14
2025-03-20 00:00:00.051930,TaskState.Suspended,TaskState.Blocked,TaskState.Blocked,TaskState.Running,-5.40
2025-03-20 00:00:00.052760,TaskState.Running,TaskState.Blocked,TaskState.Blocked,TaskState.Ready,-5.40
2025-03-20 00:00:00.052910,TaskState.Suspended,TaskState.Blocked,TaskState.Blocked,TaskState.Running,-5.66
2025-03-20 00:00:00.053240,TaskState.Running,TaskState.Blocked,TaskState.Blocked,TaskState.Ready,-5.66
2025-03-20 00:00:00.053380,TaskState.Suspended,TaskState.Blocked,TaskState.Blocked,TaskState.Running,-5.91
2025-03-20 00:00:00.165470,TaskState.Suspended,TaskState.Blocked,TaskState.Blocked,TaskState.Running,-58.37
2025-03-20 00:00:00.166130,TaskState.Suspended,TaskState.Blocked,TaskState.Blocked,TaskState.Blocked,-58.63
2025-03-20 00:00:00.166380,TaskState.Running,TaskState.Blocked,TaskState.Blocked,TaskState.Blocked,-58.63
2025-03-20 00:00:00.166520,TaskState.Suspended,TaskState.Blocked,TaskState.Blocked,TaskState.Blocked,-58.89
2025-03-20 00:00:00.166990,TaskState.Running,TaskState.Blocked,TaskState.Blocked,TaskState.Blocked,-58.89
2025-03-20 00:00:00.167130,TaskState.Suspended,TaskState.Blocked,TaskState.Blocked,TaskState.Blocked,-59.14
2025-03-20 00:00:00.167240,TaskState.Running,TaskState.Blocked,TaskState.Blocked,TaskState.Blocked,-59.14
2025-03-20 00:00:00.167390,TaskState.Suspended,TaskState.Blocked,TaskState.Blocked,TaskState.Blocked,-59.40
2025-03-20 00:00:00.167570,TaskState.Running,TaskState.Blocked,TaskState.Blocked,TaskState.Blocked,-59.40
2025-03-20 00:00:00.167720,TaskState.Suspended,TaskState.Blocked,TaskState.Blocked,TaskState.Blocked,-59.66
2025-03-20 00:00:00.168240,TaskState.Running,TaskState.Blocked,TaskState.Blocked,TaskState.Blocked,-59.66
2025-03-20 00:00:00.168390,TaskState.Suspended,TaskState.Blocked,TaskState.Blocked,TaskState.Blocked,-59.91
2025-03-20 00:00:00.168840,TaskState.Running,TaskState.Blocked,TaskState.Blocked,TaskState.Blocked,-59.91
2025-03-20 00:00:00.168990,TaskState.Suspended,TaskState.Blocked,TaskState.Blocked,TaskState.Blocked,-60.17
2025-03-20 00:00:00.169100,TaskState.Running,TaskState.Blocked,TaskState.Blocked,TaskState.Blocked,-60.17
2025-03-20 00:00:00.169250,TaskState.Suspended,TaskState.Blocked,TaskState.Blocked,TaskState.Blocked,-60.43
2025-03-20 00:00:00.169460,TaskState.Running,TaskState.Blocked,TaskState.Blocked,TaskState.Blocked,-60.43
2025-03-20 00:00:00.169610,TaskState.Suspended,TaskState.Blocked,TaskState.Blocked,TaskState.Blocked,-60.69
2025-03-20 00:00:00.170030,TaskState.Suspended,TaskState.Running,TaskState.Blocked,TaskState.Blocked,-60.69
2025-03-20 00:00:00.170060,TaskState.Running,TaskState.Blocked,TaskState.Blocked,TaskState.Blocked,-66.34
2025-03-20 00:00:00.170130,TaskState.Running,TaskState.Ready,TaskState.Blocked,TaskState.Blocked,-60.69
2025-03-20 00:00:00.170280,TaskState.Suspended,TaskState.Running,TaskState.Blocked,TaskState.Blocked,-60.94
2025-03-20 00:00:00.170520,TaskState.Suspended,TaskState.Blocked,TaskState.Blocked,TaskState.Blocked,-60.94
2025-03-20 00:00:00.170670,TaskState.Running,TaskState.Blocked,TaskState.Blocked,TaskState.Blocked,-60.94
2025-03-20 00:00:00.170810,TaskState.Suspended,TaskState.Blocked,TaskState.Blocked,TaskState.Blocked,-61.20
2025-03-20 00:00:00.170920,TaskState.Running,TaskState.Blocked,TaskState.Blocked,TaskState.Blocked,-61.20
2025-03-20 00:00:00.171060,TaskState.Suspended,TaskState.Blocked,TaskState.Blocked,TaskState.Blocked,-61.46
2025-03-20 00:00:00.171290,TaskState.Running,TaskState.Blocked,TaskState.Blocked,TaskState.Blocked,-61.46
2025-03-20 00:00:00.171430,TaskState.Suspended,TaskState.Blocked,TaskState.Blocked,TaskState.Blocked,-61.71
2025-03-20 00:00:00.171960,TaskState.Running,TaskState.Blocked,TaskState.Blocked,TaskState.Blocked,-61.71
2025-03-20 00:00:00.172100,TaskState.Suspended,TaskState.Blocked,TaskState.Blocked,TaskState.Blocked,-61.97
2025-03-20 00:00:00.172510,TaskState.Running,TaskState.Blocked,TaskState.Blocked,TaskState.Blocked,-61.97
2025-03-20 00:00:00.172650,TaskState.Suspended,TaskState.Blocked,TaskState.Blocked,TaskState.Blocked,-62.23
2025-03-20 00:00:00.172760,TaskState.Running,TaskState.Blocked,TaskState.Blocked,TaskState.Blocked,-62.23
2025-03-20 00:00:00.172900,TaskState.Suspended,TaskState.Blocked,TaskState.Blocked,TaskState.Blocked,-62.49
2025-03-20 00:00:00.173120,TaskState.Running,TaskState.Blocked,TaskState.Blocked,TaskState.Blocked,-62.49
2025-03-20 00:00:00.173250,TaskState.Suspended,TaskState.Blocked,TaskState.Blocked,TaskState.Blocked,-62.74
2025-03-20 00:00:00.173790,TaskState.Running,TaskState.Blocked,TaskState.Blocked,TaskState.Blocked,-62.74
2025-03-20 00:00:00.173930,TaskState.Suspended,TaskState.Blocked,TaskState.Blocked,TaskState.Blocked,-63.00
2025-03-20 00:00:00.174300,TaskState.Running,TaskState.Blocked,TaskState.Blocked,TaskState.Blocked,-63.00
2025-03-20 00:00:00.174430,TaskState.Suspended,TaskState.Blocked,TaskState.Blocked,TaskState.Blocked,-63.26
2025-03-20 00:00:00.174560,TaskState.Running,TaskState.Blocked,TaskState.Blocked,TaskState.Blocked,-63.26
2025-03-20 00:00:00.174690,TaskState.Suspended,TaskState.Blocked,TaskState.Blocked,TaskState.Blocked,-63.51
2025-03-20 00:00:00.174930,TaskState.Running,TaskState.Blocked,TaskState.Blocked,TaskState.Blocked,-63.51
2025-03-20 00:00:00.175070,TaskState.Suspended,TaskState.Blocked,TaskState.Blocked,TaskState.Blocked,-63.77
2025-03-20 00:00:00.175610,TaskState.Running,TaskState.Blocked,TaskState.Blocked,TaskState.Blocked,-63.77
2025-03-20 00:00:00.175740,TaskState.Suspended,TaskState.Blocked,TaskState.Blocked,TaskState.Blocked,-64.03
2025-03-20 00:00:00.176130,TaskState.Running,TaskState.Blocked,TaskState.Blocked,TaskState.Blocked,-64.03
2025-03-20 00:00:00.176260,TaskState.Suspended,TaskState.Blocked,TaskState.Blocked,TaskState.Blocked,-64.29
2025-03-20 00:00:00.176370,TaskState.Running,TaskState.Blocked,TaskState.Blocked,TaskState.Blocked,-64.29
2025-03-20 00:00:00.176500,TaskState.Suspended,TaskState.Blocked,TaskState.Blocked,TaskState.Blocked,-64.54
2025-03-20 00:00:00.176760,TaskState.Running,TaskState.Blocked,TaskState.Blocked,TaskState.Blocked,-64.54
2025-03-20 00:00:00.176900,TaskState.Suspended,TaskState.Blocked,TaskState.Blocked,TaskState.Blocked,-64.80
2025-03-20 00:00:00.177400,TaskState.Running,TaskState.Blocked,TaskState.Blocked,TaskState.Blocked,-64.80
2025-03-20 00:00:00.177530,TaskState.Suspended,TaskState.Blocked,TaskState.Blocked,TaskState.Blocked,-65.06
2025-03-20 00:00:00.177950,TaskState.Running,TaskState.Blocked,TaskState.Blocked,TaskState.Blocked,-65.06
2025-03-20 00:00:00.178090,TaskState.Suspended,TaskState.Blocked,TaskState.Blocked,TaskState.Blocked,-65.31
2025-03-20 00:00:00.178190,TaskState.Running,TaskState.Blocked,TaskState.Blocked,TaskState.Blocked,-65.31
2025-03-20 00:00:00.178330,TaskState.Suspended,TaskState.Blocked,TaskState.Blocked,TaskState.Blocked,-65.57
2025-03-20 00:00:00.178590,TaskState.Running,TaskState.Blocked,TaskState.Blocked,TaskState.Blocked,-65.57
2025-03-20 00:00:00.178720,TaskState.Suspended,TaskState.Blocked,TaskState.Blocked,TaskState.Blocked,-65.83
2025-03-20 00:00:00.179210,TaskState.Running,TaskState.Blocked,TaskState.Blocked,TaskState.Blocked,-65.83
2025-03-20 00:00:00.179350,TaskState.Suspended,TaskState.Blocked,TaskState.Blocked,TaskState.Blocked,-66.09
2025-03-20 00:00:00.179810,TaskState.Running,TaskState.Blocked,TaskState.Blocked,TaskState.Blocked,-66.09
2025-03-20 00:00:00.179950,TaskState.Suspended,TaskState.Blocked,TaskState.Blocked,TaskState.Blocked,-66.34
2025-03-20 00:00:00.180220,TaskState.Suspended,TaskState.Running,TaskState.Blocked,TaskState.Blocked,-66.60
2025-03-20 00:00:00.180370,TaskState.Running,TaskState.Ready,TaskState.Blocked,TaskState.Blocked,-66.60
2025-03-20 00:00:00.180500,TaskState.Suspended,TaskState.Running,TaskState.Blocked,TaskState.Blocked,-66.86
2025-03-20 00:00:00.180680,TaskState.Suspended,TaskState.Blocked,TaskState.Blocked,TaskState.Blocked,-66.86
2025-03-20 00:00:00.181030,TaskState.Running,TaskState.Blocked,TaskState.Blocked,TaskState.Blocked,-66.86
2025-03-20 00:00:00.181170,TaskState.Suspended,TaskState.Blocked,TaskState.Blocked,TaskState.Blocked,-67.11
2025-03-20 00:00:00.181610,TaskState.Running,TaskState.Blocked,TaskState.Blocked,TaskState.Blocked,-67.11
2025-03-20 00:00:00.181750,TaskState.Suspended,TaskState.Blocked,TaskState.Blocked,TaskState.Blocked,-67.37
2025-03-20 00:00:00.181860,TaskState.Running,TaskState.Blocked,TaskState.Blocked,TaskState.Blocked,-67.37
2025-03-20 00:00:00.182010,TaskState.Suspended,TaskState.Blocked,TaskState.Blocked,TaskState.Blocked,-67.63
2025-03-20 00:00:00.182210,TaskState.Running,TaskState.Blocked,TaskState.Blocked,TaskState.Blocked,-67.63
2025-03-20 00:00:00.182350,TaskState.Suspended,TaskState.Blocked,TaskState.Blocked,TaskState.Blocked,-67.89
2025-03-20 00:00:00.182860,TaskState.Running,TaskState.Blocked,TaskState.Blocked,TaskState.Blocked,-67.89
2025-03-20 00:00:00.182990,TaskState.Suspended,TaskState.Blocked,TaskState.Blocked,TaskState.Blocked,-68.14
2025-03-20 00:00:00.183400,TaskState.Running,TaskState.Blocked,TaskState.Blocked,TaskState.Blocked,-68.14
2025-03-20 00:00:00.183530,TaskState.Suspended,TaskState.Blocked,TaskState.Blocked,TaskState.Blocked,-68.40
2025-03-20 00:00:00.183650,TaskState.Running,TaskState.Blocked,TaskState.Blocked,TaskState.Blocked,-68.40
2025-03-20 00:00:00.183780,TaskState.Suspended,TaskState.Blocked,TaskState.Blocked,TaskState.Blocked,-68.66
2025-03-20 00:00:00.184000,TaskState.Running,TaskState.Blocked,TaskState.Blocked,TaskState.Blocked,-68.66
2025-03-20 00:00:00.184150,TaskState.Suspended,TaskState.Blocked,TaskState.Blocked,TaskState.Blocked,-68.91
2025-03-20 00:00:00.184660,TaskState.Running,TaskState.Blocked,TaskState.Blocked,TaskState.Blocked,-68.91
2025-03-20 00:00:00.184800,TaskState.Suspended,TaskState.Blocked,TaskState.Blocked,TaskState.Blocked,-69.17
2025-03-20 00:00:00.185200,TaskState.Running,TaskState.Blocked,TaskState.Blocked,TaskState.Blocked,-69.17
2025-03-20 00:00:00.185340,TaskState.Suspended,TaskState.Blocked,TaskState.Blocked,TaskState.Blocked,-69.43
2025-03-20 00:00:00.185450,TaskState.Running,TaskState.Blocked,TaskState.Blocked,TaskState.Blocked,-69.43
2025-03-20 00:00:00.185580,TaskState.Suspended,TaskState.Blocked,TaskState.Blocked,TaskState.Blocked,-69.69
2025-03-20 00:00:00.185800,TaskState.Running,TaskState.Blocked,TaskState.Blocked,TaskState.Blocked,-69.69
2025-03-20 00:00:00.185940,TaskState.Suspended,TaskState.Blocked,TaskState.Blocked,TaskState.Blocked,-69.94
2025-03-20 00:00:00.186460,TaskState.Running,TaskState.Blocked,TaskState.Blocked,TaskState.Blocked,-69.94
2025-03-20 00:00:00.186600,TaskState.Suspended,TaskState.Blocked,TaskState.Blocked,TaskState.Blocked,-70.20
2025-03-20 00:00:00.186970,TaskState.Running,TaskState.Blocked,TaskState.Blocked,TaskState.Blocked,-70.20
2025-03-20 00:00:00.187110,TaskState.Suspended,TaskState.Blocked,TaskState.Blocked,TaskState.Blocked,-70.46
2025-03-20 00:00:00.187220,TaskState.Running,TaskState.Blocked,TaskState.Blocked,TaskState.Blocked,-70.46
2025-03-20 00:00:00.187360,TaskState.Suspended,TaskState.Blocked,TaskState.Blocked,TaskState.Blocked,-70.71
2025-03-20 00:00:00.187600,TaskState.Running,TaskState.Blocked,TaskState.Blocked,TaskState.Blocked,-70.71
2025-03-20 00:00:00.187740,TaskState.Suspended,TaskState.Blocked,TaskState.Blocked,TaskState.Blocked,-70.97
2025-03-20 00:00:00.188270,TaskState.Running,TaskState.Blocked,TaskState.Blocked,TaskState.Blocked,-70.97
2025-03-20 00:00:00.188410,TaskState.Suspended,TaskState.Blocked,TaskState.Blocked,TaskState.Blocked,-71.23
2025-03-20 00:00:00.188780,TaskState.Running,TaskState.Blocked,TaskState.Blocked,TaskState.Blocked,-71.23
2025-03-20 00:00:00.188920,TaskState.Suspended,TaskState.Blocked,TaskState.Blocked,TaskState.Blocked,-71.49
2025-03-20 00:00:00.189020,TaskState.Running,TaskState.Blocked,TaskState.Blocked,TaskState.Blocked,-71.49
2025-03-20 00:00:00.189170,TaskState.Suspended,TaskState.Blocked,TaskState.Blocked,TaskState.Blocked,-71.74
2025-03-20 00:00:00.189420,TaskState.Running,TaskState.Blocked,TaskState.Blocked,TaskState.Blocked,-71.74
2025-03-20 00:00:00.189550,TaskState.Suspended,TaskState.Blocked,TaskState.Blocked,TaskState.Blocked,-72.00
2025-03-20 00:00:00.190030,TaskState.Suspended,TaskState.Running,TaskState.Blocked,TaskState.Blocked,-72.00
2025-03-20 00:00:00.190130,TaskState.Running,TaskState.Ready,TaskState.Blocked,TaskState.Blocked,-72.00
2025-03-20 00:00:00.190270,TaskState.Suspended,TaskState.Running,TaskState.Blocked,TaskState.Blocked,-72.26
2025-03-20 00:00:00.190500,TaskState.Suspended,TaskState.Blocked,TaskState.Blocked,TaskState.Blocked,-72.26
2025-03-20 00:00:00.190610,TaskState.Running,TaskState.Blocked,TaskState.Blocked,TaskState.Blocked,-72.26
2025-03-20 00:00:00.190750,TaskState.Suspended,TaskState.Blocked,TaskState.Blocked,TaskState.Blocked,-72.51
2025-03-20 00:00:00.190860,TaskState.Running,TaskState.Blocked,TaskState.Blocked,TaskState.Blocked,-72.51
2025-03-20 00:00:00.190990,TaskState.Suspended,TaskState.Blocked,TaskState.Blocked,TaskState.Blocked,-72.77
2025-03-20 00:00:00.191230,TaskState.Running,TaskState.Blocked,TaskState.Blocked,TaskState.Blocked,-72.77
2025-03-20 00:00:00.191370,TaskState.Suspended,TaskState.Blocked,TaskState.Blocked,TaskState.Blocked,-73.03
2025-03-20 00:00:00.191860,TaskState.Running,TaskState.Blocked,TaskState.Blocked,TaskState.Blocked,-73.03
2025-03-20 00:00:00.192000,TaskState.Suspended,TaskState.Blocked,TaskState.Blocked,TaskState.Blocked,-73.29
2025-03-20 00:00:00.192460,TaskState.Running,TaskState.Blocked,TaskState.Blocked,TaskState.Blocked,-73.29
2025-03-20 00:00:00.192590,TaskState.Suspended,TaskState.Blocked,TaskState.Blocked,TaskState.Blocked,-73.54
2025-03-20 00:00:00.192710,TaskState.Running,TaskState.Blocked,TaskState.Blocked,TaskState.Blocked,-73.54
2025-03-20 00:00:00.192840,TaskState.Suspended,TaskState.Blocked,TaskState.Blocked,TaskState.Blocked,-73.80
2025-03-20 00:00:00.193020,TaskState.Running,TaskState.Blocked,TaskState.Blocked,TaskState.Blocked,-73.80
2025-03-20 00:00:00.193160,TaskState.Suspended,TaskState.Blocked,TaskState.Blocked,TaskState.Blocked,-74.06
2025-03-20 00:00:00.193690,TaskState.Running,TaskState.Blocked,TaskState.Blocked,TaskState.Blocked,-74.06
2025-03-20 00:00:00.193830,TaskState.Suspended,TaskState.Blocked,TaskState.Blocked,TaskState.Blocked,-74.31
2025-03-20 00:00:00.194290,TaskState.Running,TaskState.Blocked,TaskState.Blocked,TaskState.Blocked,-74.31
2025-03-20 00:00:00.194430,TaskState.Suspended,TaskState.Blocked,TaskState.Blocked,TaskState.Blocked,-74.57
2025-03-20 00:00:00.194540,TaskState.Running,TaskState.Blocked,TaskState.Blocked,TaskState.Blocked,-74.57
2025-03-20 00:00:00.194680,TaskState.Suspended,TaskState.Blocked,TaskState.Blocked,TaskState.Blocked,-74.83
2025-03-20 00:00:00.194900,TaskState.Running,TaskState.Blocked,TaskState.Blocked,TaskState.Blocked,-74.83
2025-03-20 00:00:00.195030,TaskState.Suspended,TaskState.Blocked,TaskState.Blocked,TaskState.Blocked,-75.09
2025-03-20 00:00:00.195560,TaskState.Running,TaskState.Blocked,TaskState.Blocked,TaskState.Blocked,-75.09
2025-03-20 00:00:00.195700,TaskState.Suspended,TaskState.Blocked,TaskState.Blocked,TaskState.Blocked,-75.34
2025-03-20 00:00:00.196120,TaskState.Running,TaskState.Blocked,TaskState.Blocked,TaskState.Blocked,-75.34
2025-03-20 00:00:00.196260,TaskState.Suspended,TaskState.Blocked,TaskState.Blocked,TaskState.Blocked,-75.60
2025-03-20 00:00:00.196370,TaskState.Running,TaskState.Blocked,TaskState.Blocked,TaskState.Blocked,-75.60
2025-03-20 00:00:00.196520,TaskState.Suspended,TaskState.Blocked,TaskState.Blocked,TaskState.Blocked,-75.86
2025-03-20 00:00:00.196750,TaskState.Running,TaskState.Blocked,TaskState.Blocked,TaskState.Blocked,-75.86
2025-03-20 00:00:00.196890,TaskState.Suspended,TaskState.Blocked,TaskState.Blocked,TaskState.Blocked,-76.11
2025-03-20 00:00:00.197430,TaskState.Running,TaskState.Blocked,TaskState.Blocked,TaskState.Blocked,-76.11
2025-03-20 00:00:00.197570,TaskState.Suspended,TaskState.Blocked,TaskState.Blocked,TaskState.Blocked,-76.37
2025-03-20 00:00:00.197990,TaskState.Running,TaskState.Blocked,TaskState.Blocked,TaskState.Blocked,-76.37
2025-03-20 00:00:00.198130,TaskState.Suspended,TaskState.Blocked,TaskState.Blocked,TaskState.Blocked,-76.63
2025-03-20 00:00:00.198240,TaskState.Running,TaskState.Blocked,TaskState.Blocked,TaskState.Blocked,-76.63
2025-03-20 00:00:00.198380,TaskState.Suspended,TaskState.Blocked,TaskState.Blocked,TaskState.Blocked,-76.89
2025-03-20 00:00:00.198610,TaskState.Running,TaskState.Blocked,TaskState.Blocked,TaskState.Blocked,-76.89
2025-03-20 00:00:00.198750,TaskState.Suspended,TaskState.Blocked,TaskState.Blocked,TaskState.Blocked,-77.14
2025-03-20 00:00:00.199300,TaskState.Running,TaskState.Blocked,TaskState.Blocked,TaskState.Blocked,-77.14
2025-03-20 00:00:00.199440,TaskState.Suspended,TaskState.Blocked,TaskState.Blocked,TaskState.Blocked,-77.40
2025-03-20 00:00:00.199840,TaskState.Running,TaskState.Blocked,TaskState.Blocked,TaskState.Blocked,-77.40
2025-03-20 00:00:00.199970,TaskState.Suspended,TaskState.Blocked,TaskState.Blocked,TaskState.Blocked,-77.66
2025-03-20 00:00:00.200090,TaskState.Suspended,TaskState.Running,TaskState.Blocked,TaskState.Ready,-77.66
2025-03-20 00:00:00.200190,TaskState.Running,TaskState.Ready,TaskState.Blocked,TaskState.Ready,-77.66
2025-03-20 00:00:00.200320,TaskState.Suspended,TaskState.Running,TaskState.Blocked,TaskState.Ready,-77.91
2025-03-20 00:00:00.200490,TaskState.Running,TaskState.Ready,TaskState.Blocked,TaskState.Ready,-77.91
2025-03-20 00:00:00.200620,TaskState.Suspended,TaskState.Running,TaskState.Blocked,TaskState.Ready,-78.17
2025-03-20 00:00:00.200790,TaskState.Suspended,TaskState.Blocked,TaskState.Blocked,TaskState.Running,-78.17
2025-03-20 00:00:00.201190,TaskState.Running,TaskState.Blocked,TaskState.Blocked,TaskState.Ready,-78.17
2025-03-20 00:00:00.201320,TaskState.Suspended,TaskState.Blocked,TaskState.Blocked,TaskState.Running,-78.43
2025-03-20 00:00:00.201730,TaskState.Running,TaskState.Blocked,TaskState.Blocked,TaskState.Ready,-78.43
2025-03-20 00:00:00.201880,TaskState.Suspended,TaskState.Blocked,TaskState.Blocked,TaskState.Running,-78.69
2025-03-20 00:00:00.202000,TaskState.Running,TaskState.Blocked,TaskState.Blocked,TaskState.Ready,-78.69
2025-03-20 00:00:00.202130,TaskState.Suspended,TaskState.Blocked,TaskState.Blocked,TaskState.Running,-78.94
2025-03-20 00:00:00.202410,TaskState.Running,TaskState.Blocked,TaskState.Blocked,TaskState.Ready,-78.94
2025-03-20 00:00:00.202550,TaskState.Suspended,TaskState.Blocked,TaskState.Blocked,TaskState.Running,-79.20
2025-03-20 00:00:00.203070,TaskState.Running,TaskState.Blocked,TaskState.Blocked,TaskState.Ready,-79.20
2025-03-20 00:00:00.203210,TaskState.Suspended,TaskState.Blocked,TaskState.Blocked,TaskState.Running,-79.46
2025-03-20 00:00:00.203650,TaskState.Running,TaskState.Blocked,TaskState.Blocked,TaskState.Ready,-79.46
2025-03-20 00:00:00.203800,TaskState.Suspended,TaskState.Blocked,TaskState.Blocked,TaskState.Running,-79.71
2025-03-20 00:00:00.203910,TaskState.Running,TaskState.Blocked,TaskState.Blocked,TaskState.Ready,-79.71
2025-03-20 00:00:00.204040,TaskState.Suspended,TaskState.Blocked,TaskState.Blocked,TaskState.Running,-79.97
2025-03-20 00:00:00.204340,TaskState.Running,TaskState.Blocked,TaskState.Blocked,TaskState.Ready,-79.97
2025-03-20 00:00:00.204490,TaskState.Suspended,TaskState.Blocked,TaskState.Blocked,TaskState.Running,-80.23
2025-03-20 00:00:00.204990,TaskState.Running,TaskState.Blocked,TaskState.Blocked,TaskState.Ready,-80.23
2025-03-20 00:00:00.205130,TaskState.Suspended,TaskState.Blocked,TaskState.Blocked,TaskState.Running,-80.49
2025-03-20 00:00:00.205630,TaskState.Running,TaskState.Blocked,TaskState.Blocked,TaskState.Ready,-80.49
2025-03-20 00:00:00.205780,TaskState.Suspended,TaskState.Blocked,TaskState.Blocked,TaskState.Running,-80.74
2025-03-20 00:00:00.205880,TaskState.Running,TaskState.Blocked,TaskState.Blocked,TaskState.Ready,-80.74
2025-03-20 00:00:00.206030,TaskState.Suspended,TaskState.Blocked,TaskState.Blocked,TaskState.Running,-81.00
2025-03-20 00:00:00.206260,TaskState.Running,TaskState.Blocked,TaskState.Blocked,TaskState.Ready,-81.00
2025-03-20 00:00:00.206400,TaskState.Suspended,TaskState.Blocked,TaskState.Blocked,TaskState.Running,-81.26
2025-03-20 00:00:00.206930,TaskState.Running,TaskState.Blocked,TaskState.Blocked,TaskState.Ready,-81.26
2025-03-20 00:00:00.207080,TaskState.Suspended,TaskState.Blocked,TaskState.Blocked,TaskState.Running,-81.51
2025-03-20 00:00:00.207560,TaskState.Running,TaskState.Blocked,TaskState.Blocked,TaskState.Ready,-81.51
2025-03-20 00:00:00.207720,TaskState.Suspended,TaskState.Blocked,TaskState.Blocked,TaskState.Running,-81.77
2025-03-20 00:00:00.207820,TaskState.Running,TaskState.Blocked,TaskState.Blocked,TaskState.Ready,-81.77
2025-03-20 00:00:00.207970,TaskState.Suspended,TaskState.Blocked,TaskState.Blocked,TaskState.Running,-82.03
2025-03-20 00:00:00.208230,TaskState.Running,TaskState.Blocked,TaskState.Blocked,TaskState.Ready,-82.03
2025-03-20 00:00:00.208380,TaskState.Suspended,TaskState.Blocked,TaskState.Blocked,TaskState.Running,-82.29
2025-03-20 00:00:00.660030,TaskState.Suspended,TaskState.Running,TaskState.Blocked,TaskState.Ready,-95.66
2025-03-20 00:00:00.660030,TaskState.Suspended,TaskState.Running,TaskState.Blocked,TaskState.Ready,-95.66
2025-03-20 00:00:00.660030,TaskState.Suspended,TaskState.Running,TaskState.Blocked,TaskState.Ready,-95.66
2025-03-20 00:00:00.660030,TaskState.Suspended,TaskState.Running,TaskState.Blocked,TaskState.Ready,-95.66
2025-03-20 00:00:00.665850,TaskState.Suspended,TaskState.Blocked,TaskState.Blocked,TaskState.Running,-95.66
2025-03-20 00:00:00.670030,TaskState.Suspended,TaskState.Running,TaskState.Blocked,TaskState.Ready,-95.66
2025-03-20 00:00:00.675820,TaskState.Suspended,TaskState.Blocked,TaskState.Blocked,TaskState.Blocked,-95.66
2025-03-20 00:00:00.680030,TaskState.Suspended,TaskState.Running,TaskState.Blocked,TaskState.Blocked,-95.66
2025-03-20 00:00:00.680280,TaskState.Suspended,TaskState.Blocked,TaskState.Blocked,TaskState.Blocked,-95.66
2025-03-20 00:00:00.690030,TaskState.Suspended,TaskState.Running,TaskState.Blocked,TaskState.Blocked,-95.66
2025-03-20 00:00:00.690260,TaskState.Suspended,TaskState.Blocked,TaskState.Blocked,TaskState.Blocked,-95.66
2025-03-20 00:00:00.700030,TaskState.Suspended,TaskState.Running,TaskState.Blocked,TaskState.Blocked,-95.66
2025-03-20 00:00:00.700260,TaskState.Suspended,TaskState.Blocked,TaskState.Blocked,TaskState.Blocked,-95.66
2025-03-20 00:00:00.710030,TaskState.Suspended,TaskState.Running,TaskState.Blocked,TaskState.Blocked,-95.66
2025-03-20 00:00:00.710260,TaskState.Suspended,TaskState.Blocked,TaskState.Blocked,TaskState.Blocked,-95.66
2025-03-20 00:00:00.720030,TaskState.Suspended,TaskState.Running,TaskState.Blocked,TaskState.Blocked,-95.66
2025-03-20 00:00:00.720260,TaskState.Suspended,TaskState.Blocked,TaskState.Blocked,TaskState.Blocked,-95.66
2025-03-20 00:00:00.730030,TaskState.Suspended,TaskState.Running,TaskState.Blocked,TaskState.Blocked,-95.66
2025-03-20 00:00:00.730260,TaskState.Suspended,TaskState.Blocked,TaskState.Blocked,TaskState.Blocked,-95.66
2025-03-20 00:00:00.740030,TaskState.Suspended,TaskState.Running,TaskState.Blocked,TaskState.Blocked,-95.66
2025-03-20 00:00:00.740260,TaskState.Suspended,TaskState.Blocked,TaskState.Blocked,TaskState.Blocked,-95.66
2025-03-20 00:00:00.750030,TaskState.Suspended,TaskState.Running,TaskState.Blocked,TaskState.Blocked,-95.66
2025-03-20 00:00:00.750260,TaskState.Suspended,TaskState.Blocked,TaskState.Blocked,TaskState.Blocked,-95.66
2025-03-20 00:00:00.760030,TaskState.Suspended,TaskState.Running,TaskState.Blocked,TaskState.Blocked,-95.66
2025-03-20 00:00:00.760260,TaskState.Suspended,TaskState.Blocked,TaskState.Blocked,TaskState.Blocked,-95.66
2025-03-20 00:00:00.770030,TaskState.Suspended,TaskState.Running,TaskState.Blocked,TaskState.Blocked,-95.66
2025-03-20 00:00:00.770260,TaskState.Suspended,TaskState.Blocked,TaskState.Blocked,TaskState.Blocked,-95.66
2025-03-20 00:00:00.780030,TaskState.Suspended,TaskState.Running,TaskState.Blocked,TaskState.Blocked,-95.66
2025-03-20 00:00:00.780260,TaskState.Suspended,TaskState.Blocked,TaskState.Blocked,TaskState.Blocked,-95.66
2025-03-20 00:00:00.790030,TaskState.Suspended,TaskState.Running,TaskState.Blocked,TaskState.Blocked,-95.66
2025-03-20 00:00:00.790260,TaskState.Suspended,TaskState.Blocked,TaskState.Blocked,TaskState.Blocked,-95.66
2025-03-20 00:00:00.800040,TaskState.Suspended,TaskState.Running,TaskState.Blocked,TaskState.Ready,-95.66
2025-03-20 00:00:00.800260,TaskState.Suspended,TaskState.Blocked,TaskState.Blocked,TaskState.Running,-95.66
2025-03-20 00:00:00.810040,TaskState.Suspended,TaskState.Running,TaskState.Blocked,TaskState.Ready,-95.66
2025-03-20 00:00:00.810270,TaskState.Suspended,TaskState.Blocked,TaskState.Blocked,TaskState.Running,-95.66
2025-03-20 00:00:00.820030,TaskState.Suspended,TaskState.Running,TaskState.Blocked,TaskState.Ready,-95.66
2025-03-20 00:00:00.820270,TaskState.Suspended,TaskState.Blocked,TaskState.Blocked,TaskState.Running,-95.66
2025-03-20 00:00:00.830030,TaskState.Suspended,TaskState.Running,TaskState.Blocked,TaskState.Ready,-95.66
2025-03-20 00:00:00.830280,TaskState.Suspended,TaskState.Blocked,TaskState.Blocked,TaskState.Running,-95.66
2025-03-20 00:00:00.840030,TaskState.Suspended,TaskState.Running,TaskState.Blocked,TaskState.Ready,-95.66
2025-03-20 00:00:00.840270,TaskState.Suspended,TaskState.Blocked,TaskState.Blocked,TaskState.Running,-95.66
2025-03-20 00:00:00.850030,TaskState.Suspended,TaskState.Running,TaskState.Blocked,TaskState.Ready,-95.66
2025-03-20 00:00:00.850270,TaskState.Suspended,TaskState.Blocked,TaskState.Blocked,TaskState.Running,-95.66
2025-03-20 00:00:00.860040,TaskState.Suspended,TaskState.Running,TaskState.Blocked,TaskState.Ready,-95.66
2025-03-20 00:00:00.860280,TaskState.Suspended,TaskState.Blocked,TaskState.Blocked,TaskState.Running,-95.66
2025-03-20 00:00:00.870030,TaskState.Suspended,TaskState.Running,TaskState.Blocked,TaskState.Ready,-95.66
2025-03-20 00:00:00.870280,TaskState.Suspended,TaskState.Blocked,TaskState.Blocked,TaskState.Running,-95.66
2025-03-20 00:00:00.880030,TaskState.Suspended,TaskState.Running,TaskState.Blocked,TaskState.Ready,-95.66
2025-03-20 00:00:00.880270,TaskState.Suspended,TaskState.Blocked,TaskState.Blocked,TaskState.Running,-95.66
2025-03-20 00:00:00.890030,TaskState.Suspended,TaskState.Running,TaskState.Blocked,TaskState.Ready,-95.66
2025-03-20 00:00:00.890270,TaskState.Suspended,TaskState.Blocked,TaskState.Blocked,TaskState.Running,-95.66
2025-03-20 00:00:00.900030,TaskState.Suspended,TaskState.Running,TaskState.Blocked,TaskState.Ready,-95.66
2025-03-20 00:00:00.900270,TaskState.Suspended,TaskState.Blocked,TaskState.Blocked,TaskState.Running,-95.66
2025-03-20 00:00:00.910040,TaskState.Suspended,TaskState.Running,TaskState.Blocked,TaskState.Ready,-95.66
2025-03-20 00:00:00.914910,TaskState.Suspended,TaskState.Blocked,TaskState.Blocked,TaskState.Blocked,-95.66
2025-03-20 00:00:00.920030,TaskState.Suspended,TaskState.Running,TaskState.Blocked,TaskState.Blocked,-95.66
2025-03-20 00:00:00.920280,TaskState.Suspended,TaskState.Blocked,TaskState.Blocked,TaskState.Blocked,-95.66
2025-03-20 00:00:00.930030,TaskState.Suspended,TaskState.Running,TaskState.Blocked,TaskState.Blocked,-95.66
2025-03-20 00:00:00.930260,TaskState.Suspended,TaskState.Blocked,TaskState.Blocked,TaskState.Blocked,-95.66
2025-03-20 00:00:00.940030,TaskState.Suspended,TaskState.Running,TaskState.Blocked,TaskState.Blocked,-95.66
2025-03-20 00:00:00.940260,TaskState.Suspended,TaskState.Blocked,TaskState.Blocked,TaskState.Blocked,-95.66
2025-03-20 00:00:00.950030,TaskState.Suspended,TaskState.Running,TaskState.Blocked,TaskState.Blocked,-95.66
2025-03-20 00:00:00.950260,TaskState.Suspended,TaskState.Blocked,TaskState.Blocked,TaskState.Blocked,-95.66
2025-03-20 00:00:00.960030,TaskState.Suspended,TaskState.Running,TaskState.Blocked,TaskState.Blocked,-95.66
2025-03-20 00:00:00.960260,TaskState.Suspended,TaskState.Blocked,TaskState.Blocked,TaskState.Blocked,-95.66
2025-03-20 00:00:00.970030,TaskState.Suspended,TaskState.Running,TaskState.Blocked,TaskState.Blocked,-95.66
2025-03-20 00:00:00.970260,TaskState.Suspended,TaskState.Blocked,TaskState.Blocked,TaskState.Blocked,-95.66
2025-03-20 00:00:00.980030,TaskState.Suspended,TaskState.Running,TaskState.Blocked,TaskState.Blocked,-95.66
2025-03-20 00:00:00.980260,TaskState.Suspended,TaskState.Blocked,TaskState.Blocked,TaskState.Blocked,-95.66
2025-03-20 00:00:00.990030,TaskState.Suspended,TaskState.Running,TaskState.Blocked,TaskState.Blocked,-95.66
2025-03-20 00:00:00.990260,TaskState.Suspended,TaskState.Blocked,TaskState.Blocked,TaskState.Blocked,-95.66
2025-03-20 00:00:01.000050,TaskState.Suspended,TaskState.Running,TaskState.Ready,TaskState.Ready,-95.66
2025-03-20 00:00:01.000280,TaskState.Suspended,TaskState.Blocked,TaskState.Running,TaskState.Ready,-95.66
2025-03-20 00:00:01.000400,TaskState.Suspended,TaskState.Blocked,TaskState.Blocked,TaskState.Running,-95.66
2025-03-20 00:00:01.010010,TaskState.Suspended,TaskState.Blocked,TaskState.Blocked,TaskState.Running,-95.14
2025-03-20 00:00:01.010030,TaskState.Suspended,TaskState.Running,TaskState.Blocked,TaskState.Ready,-95.66
2025-03-20 00:00:01.010270,TaskState.Suspended,TaskState.Blocked,TaskState.Blocked,TaskState.Running,-95.66
2025-03-20 00:00:01.017400,TaskState.Running,TaskState.Blocked,TaskState.Blocked,TaskState.Ready,-95.66
2025-03-20 00:00:01.017540,TaskState.Suspended,TaskState.Blocked,TaskState.Blocked,TaskState.Running,-95.40
2025-03-20 00:00:01.019860,TaskState.Running,TaskState.Blocked,TaskState.Blocked,TaskState.Ready,-95.40
2025-03-20 00:00:01.020110,TaskState.Suspended,TaskState.Running,TaskState.Blocked,TaskState.Ready,-95.14
2025-03-20 00:00:01.020340,TaskState.Suspended,TaskState.Blocked,TaskState.Blocked,TaskState.Running,-95.14
2025-03-20 00:00:01.020850,TaskState.Running,TaskState.Blocked,TaskState.Blocked,TaskState.Ready,-95.14
2025-03-20 00:00:01.021000,TaskState.Suspended,TaskState.Blocked,TaskState.Blocked,TaskState.Running,-94.89
2025-03-20 00:00:01.023820,TaskState.Running,TaskState.Blocked,TaskState.Blocked,TaskState.Ready,-94.89
2025-03-20 00:00:01.023970,TaskState.Suspended,TaskState.Blocked,TaskState.Blocked,TaskState.Running,-94.63
2025-03-20 00:00:01.026450,TaskState.Running,TaskState.Blocked,TaskState.Blocked,TaskState.Ready,-94.63
2025-03-20 00:00:01.026600,TaskState.Suspended,TaskState.Blocked,TaskState.Blocked,TaskState.Running,-94.37
2025-03-20 00:00:01.027810,TaskState.Running,TaskState.Blocked,TaskState.Blocked,TaskState.Ready,-94.37
2025-03-20 00:00:01.027960,TaskState.Suspended,TaskState.Blocked,TaskState.Blocked,TaskState.Running,-94.11
2025-03-20 00:00:01.028560,TaskState.Running,TaskState.Blocked,TaskState.Blocked,TaskState.Ready,-94.11
2025-03-20 00:00:01.028700,TaskState.Suspended,TaskState.Blocked,TaskState.Blocked,TaskState.Running,-93.86
2025-03-20 00:00:01.030030,TaskState.Suspended,TaskState.Running,TaskState.Blocked,TaskState.Ready,-93.86
2025-03-20 00:00:01.030260,TaskState.Suspended,TaskState.Blocked,TaskState.Blocked,TaskState.Running,-93.86
2025-03-20 00:00:01.030370,TaskState.Running,TaskState.Blocked,TaskState.Blocked,TaskState.Ready,-93.86
2025-03-20 00:00:01.030520,TaskState.Suspended,TaskState.Blocked,TaskState.Blocked,TaskState.Running,-93.60
2025-03-20 00:00:01.032230,TaskState.Running,TaskState.Blocked,TaskState.Blocked,TaskState.Ready,-93.60
2025-03-20 00:00:01.032380,TaskState.Suspended,TaskState.Blocked,TaskState.Blocked,TaskState.Running,-93.34
2025-03-20 00:00:01.033220,TaskState.Running,TaskState.Blocked,TaskState.Blocked,TaskState.Ready,-93.34
2025-03-20 00:00:01.033370,TaskState.Suspended,TaskState.Blocked,TaskState.Blocked,TaskState.Running,-93.09
2025-03-20 00:00:01.033840,TaskState.Running,TaskState.Blocked,TaskState.Blocked,TaskState.Ready,-93.09
2025-03-20 00:00:01.034000,TaskState.Suspended,TaskState.Blocked,TaskState.Blocked,TaskState.Running,-92.83
2025-03-20 00:00:01.035120,TaskState.Running,TaskState.Blocked,TaskState.Blocked,TaskState.Ready,-92.83
2025-03-20 00:00:01.035260,TaskState.Suspended,TaskState.Blocked,TaskState.Blocked,TaskState.Running,-92.57
2025-03-20 00:00:01.036830,TaskState.Running,TaskState.Blocked,TaskState.Blocked,TaskState.Ready,-92.57
2025-03-20 00:00:01.036980,TaskState.Suspended,TaskState.Blocked,TaskState.Blocked,TaskState.Running,-92.31
2025-03-20 00:00:01.037630,TaskState.Running,TaskState.Blocked,TaskState.Blocked,TaskState.Ready,-92.31
2025-03-20 00:00:01.037770,TaskState.Suspended,TaskState.Blocked,TaskState.Blocked,TaskState.Running,-92.06
2025-03-20 00:00:01.038230,TaskState.Running,TaskState.Blocked,TaskState.Blocked,TaskState.Ready,-92.06
2025-03-20 00:00:01.038370,TaskState.Suspended,TaskState.Blocked,TaskState.Blocked,TaskState.Running,-91.80
2025-03-20 00:00:01.039330,TaskState.Running,TaskState.Blocked,TaskState.Blocked,TaskState.Ready,-91.80
2025-03-20 00:00:01.039470,TaskState.Suspended,TaskState.Blocked,TaskState.Blocked,TaskState.Running,-91.54
2025-03-20 00:00:01.040040,TaskState.Suspended,TaskState.Running,TaskState.Blocked,TaskState.Ready,-91.54
2025-03-20 00:00:01.040270,TaskState.Suspended,TaskState.Blocked,TaskState.Blocked,TaskState.Running,-91.54
2025-03-20 00:00:01.040850,TaskState.Running,TaskState.Blocked,TaskState.Blocked,TaskState.Ready,-91.54
2025-03-20 00:00:01.040990,TaskState.Suspended,TaskState.Blocked,TaskState.Blocked,TaskState.Running,-91.29
2025-03-20 00:00:01.041580,TaskState.Running,TaskState.Blocked,TaskState.Blocked,TaskState.Ready,-91.29
2025-03-20 00:00:01.041710,TaskState.Suspended,TaskState.Blocked,TaskState.Blocked,TaskState.Running,-91.03
2025-03-20 00:00:01.158470,TaskState.Running,TaskState.Blocked,TaskState.Blocked,TaskState.Ready,-38.06
2025-03-20 00:00:01.161450,TaskState.Suspended,TaskState.Blocked,TaskState.Blocked,TaskState.Blocked,-36.51
2025-03-20 00:00:01.161680,TaskState.Running,TaskState.Blocked,TaskState.Blocked,TaskState.Blocked,-36.51
2025-03-20 00:00:01.161820,TaskState.Suspended,TaskState.Blocked,TaskState.Blocked,TaskState.Blocked,-36.26
2025-03-20 00:00:01.162060,TaskState.Running,TaskState.Blocked,TaskState.Blocked,TaskState.Blocked,-36.26
2025-03-20 00:00:01.162210,TaskState.Suspended,TaskState.Blocked,TaskState.Blocked,TaskState.Blocked,-36.00
2025-03-20 00:00:01.162330,TaskState.Running,TaskState.Blocked,TaskState.Blocked,TaskState.Blocked,-36.00
2025-03-20 00:00:01.162480,TaskState.Suspended,TaskState.Blocked,TaskState.Blocked,TaskState.Blocked,-35.74
2025-03-20 00:00:01.162860,TaskState.Running,TaskState.Blocked,TaskState.Blocked,TaskState.Blocked,-35.74
2025-03-20 00:00:01.163010,TaskState.Suspended,TaskState.Blocked,TaskState.Blocked,TaskState.Blocked,-35.49
2025-03-20 00:00:01.163600,TaskState.Running,TaskState.Blocked,TaskState.Blocked,TaskState.Blocked,-35.49
2025-03-20 00:00:01.163750,TaskState.Suspended,TaskState.Blocked,TaskState.Blocked,TaskState.Blocked,-35.23
2025-03-20 00:00:01.163960,TaskState.Running,TaskState.Blocked,TaskState.Blocked,TaskState.Blocked,-35.23
2025-03-20 00:00:01.164120,TaskState.Suspended,TaskState.Blocked,TaskState.Blocked,TaskState.Blocked,-34.97
2025-03-20 00:00:01.164260,TaskState.Running,TaskState.Blocked,TaskState.Blocked,TaskState.Blocked,-34.97
2025-03-20 00:00:01.164400,TaskState.Suspended,TaskState.Blocked,TaskState.Blocked,TaskState.Blocked,-34.71
2025-03-20 00:00:01.164770,TaskState.Running,TaskState.Blocked,TaskState.Blocked,TaskState.Blocked,-34.71
2025-03-20 00:00:01.164910,TaskState.Suspended,TaskState.Blocked,TaskState.Blocked,TaskState.Blocked,-34.46
2025-03-20 00:00:01.165510,TaskState.Running,TaskState.Blocked,TaskState.Blocked,TaskState.Blocked,-34.46
2025-03-20 00:00:01.165640,TaskState.Suspended,TaskState.Blocked,TaskState.Blocked,TaskState.Blocked,-34.20
2025-03-20 00:00:01.165870,TaskState.Running,TaskState.Blocked,TaskState.Blocked,TaskState.Blocked,-34.20
2025-03-20 00:00:01.166000,TaskState.Suspended,TaskState.Blocked,TaskState.Blocked,TaskState.Blocked,-33.94
2025-03-20 00:00:01.166130,TaskState.Running,TaskState.Blocked,TaskState.Blocked,TaskState.Blocked,-33.94
2025-03-20 00:00:01.166260,TaskState.Suspended,TaskState.Blocked,TaskState.Blocked,TaskState.Blocked,-33.69
2025-03-20 00:00:01.166680,TaskState.Running,TaskState.Blocked,TaskState.Blocked,TaskState.Blocked,-33.69
2025-03-20 00:00:01.380850,TaskState.Running,TaskState.Blocked,TaskState.Blocked,TaskState.Blocked,86.91
2025-03-20 00:00:01.380990,TaskState.Suspended,TaskState.Blocked,TaskState.Blocked,TaskState.Blocked,87.17
2025-03-20 00:00:01.381230,TaskState.Running,TaskState.Blocked,TaskState.Blocked,TaskState.Blocked,87.17
2025-03-20 00:00:01.381370,TaskState.Suspended,TaskState.Blocked,TaskState.Blocked,TaskState.Blocked,87.43
2025-03-20 00:00:01.381550,TaskState.Running,TaskState.Blocked,TaskState.Blocked,TaskState.Blocked,87.43
2025-03-20 00:00:01.381680,TaskState.Suspended,TaskState.Blocked,TaskState.Blocked,TaskState.Blocked,87.69
2025-03-20 00:00:01.382130,TaskState.Running,TaskState.Blocked,TaskState.Blocked,TaskState.Blocked,87.69
2025-03-20 00:00:01.382260,TaskState.Suspended,TaskState.Blocked,TaskState.Blocked,TaskState.Blocked,87.94
2025-03-20 00:00:01.382920,TaskState.Running,TaskState.Blocked,TaskState.Blocked,TaskState.Blocked,87.94
2025-03-20 00:00:01.383050,TaskState.Suspended,TaskState.Blocked,TaskState.Blocked,TaskState.Blocked,88.20
2025-03-20 00:00:01.383350,TaskState.Running,TaskState.Blocked,TaskState.Blocked,TaskState.Blocked,88.20
2025-03-20 00:00:01.383480,TaskState.Suspended,TaskState.Blocked,TaskState.Blocked,TaskState.Blocked,88.46
2025-03-20 00:00:01.383650,TaskState.Running,TaskState.Blocked,TaskState.Blocked,TaskState.Blocked,88.46
2025-03-20 00:00:01.383780,TaskState.Suspended,TaskState.Blocked,TaskState.Blocked,TaskState.Blocked,88.71
2025-03-20 00:00:01.384240,TaskState.Running,TaskState.Blocked,TaskState.Blocked,TaskState.Blocked,88.71
2025-03-20 00:00:01.384380,TaskState.Suspended,TaskState.Blocked,TaskState.Blocked,TaskState.Blocked,88.97
2025-03-20 00:00:01.385040,TaskState.Running,TaskState.Blocked,TaskState.Blocked,TaskState.Blocked,88.97
2025-03-20 00:00:01.385170,TaskState.Suspended,TaskState.Blocked,TaskState.Blocked,TaskState.Blocked,89.23
2025-03-20 00:00:01.385480,TaskState.Running,TaskState.Blocked,TaskState.Blocked,TaskState.Blocked,89.23
2025-03-20 00:00:01.385610,TaskState.Suspended,TaskState.Blocked,TaskState.Blocked,TaskState.Blocked,89.49
2025-03-20 00:00:01.385790,TaskState.Running,TaskState.Blocked,TaskState.Blocked,TaskState.Blocked,89.49
2025-03-20 00:00:01.385920,TaskState.Suspended,TaskState.Blocked,TaskState.Blocked,TaskState.Blocked,89.74
2025-03-20 00:00:01.386450,TaskState.Running,TaskState.Blocked,TaskState.Blocked,TaskState.Blocked,89.74
2025-03-20 00:00:01.386580,TaskState.Suspended,TaskState.Blocked,TaskState.Blocked,TaskState.Blocked,90.00
2025-03-20 00:00:01.387280,TaskState.Running,TaskState.Blocked,TaskState.Blocked,TaskState.Blocked,90.00
2025-03-20 00:00:01.387410,TaskState.Suspended,TaskState.Blocked,TaskState.Blocked,TaskState.Blocked,90.26
2025-03-20 00:00:01.387700,TaskState.Running,TaskState.Blocked,TaskState.Blocked,TaskState.Blocked,90.26
2025-03-20 00:00:01.387830,TaskState.Suspended,TaskState.Blocked,TaskState.Blocked,TaskState.Blocked,90.51
2025-03-20 00:00:01.388000,TaskState.Running,TaskState.Blocked,TaskState.Blocked,TaskState.Blocked,90.51
2025-03-20 00:00:01.388130,TaskState.Suspended,TaskState.Blocked,TaskState.Blocked,TaskState.Blocked,90.77
2025-03-20 00:00:01.388690,TaskState.Running,TaskState.Blocked,TaskState.Blocked,TaskState.Blocked,90.77
2025-03-20 00:00:01.388820,TaskState.Suspended,TaskState.Blocked,TaskState.Blocked,TaskState.Blocked,91.03
2025-03-20 00:00:01.389500,TaskState.Running,TaskState.Blocked,TaskState.Blocked,TaskState.Blocked,91.03
2025-03-20 00:00:01.389630,TaskState.Suspended,TaskState.Blocked,TaskState.Blocked,TaskState.Blocked,91.29
2025-03-20 00:00:01.389970,TaskState.Running,TaskState.Blocked,TaskState.Blocked,TaskState.Blocked,91.29
2025-03-20 00:00:01.390020,TaskState.Running,TaskState.Blocked,TaskState.Blocked,TaskState.Blocked,95.66
2025-03-20 00:00:01.390120,TaskState.Suspended,TaskState.Running,TaskState.Blocked,TaskState.Blocked,91.54
2025-03-20 00:00:01.390320,TaskState.Running,TaskState.Ready,TaskState.Blocked,TaskState.Blocked,91.54
2025-03-20 00:00:01.390450,TaskState.Suspended,TaskState.Running,TaskState.Blocked,TaskState.Blocked,91.80
2025-03-20 00:00:01.390590,TaskState.Suspended,TaskState.Blocked,TaskState.Blocked,TaskState.Blocked,91.80
2025-03-20 00:00:01.390980,TaskState.Running,TaskState.Blocked,TaskState.Blocked,TaskState.Blocked,91.80
2025-03-20 00:00:01.391110,TaskState.Suspended,TaskState.Blocked,TaskState.Blocked,TaskState.Blocked,92.06
2025-03-20 00:00:01.391830,TaskState.Running,TaskState.Blocked,TaskState.Blocked,TaskState.Blocked,92.06
2025-03-20 00:00:01.391960,TaskState.Suspended,TaskState.Blocked,TaskState.Blocked,TaskState.Blocked,92.31
2025-03-20 00:00:01.392290,TaskState.Running,TaskState.Blocked,TaskState.Blocked,TaskState.Blocked,92.31
2025-03-20 00:00:01.392430,TaskState.Suspended,TaskState.Blocked,TaskState.Blocked,TaskState.Blocked,92.57
2025-03-20 00:00:01.392670,TaskState.Running,TaskState.Blocked,TaskState.Blocked,TaskState.Blocked,92.57
2025-03-20 00:00:01.392800,TaskState.Suspended,TaskState.Blocked,TaskState.Blocked,TaskState.Blocked,92.83
2025-03-20 00:00:01.393300,TaskState.Running,TaskState.Blocked,TaskState.Blocked,TaskState.Blocked,92.83
2025-03-20 00:00:01.393440,TaskState.Suspended,TaskState.Blocked,TaskState.Blocked,TaskState.Blocked,93.09
2025-03-20 00:00:01.394220,TaskState.Running,TaskState.Blocked,TaskState.Blocked,TaskState.Blocked,93.09
2025-03-20 00:00:01.394350,TaskState.Suspended,TaskState.Blocked,TaskState.Blocked,TaskState.Blocked,93.34
2025-03-20 00:00:01.394660,TaskState.Running,TaskState.Blocked,TaskState.Blocked,TaskState.Blocked,93.34
2025-03-20 00:00:01.394800,TaskState.Suspended,TaskState.Blocked,TaskState.Blocked,TaskState.Blocked,93.60
2025-03-20 00:00:01.395080,TaskState.Running,TaskState.Blocked,TaskState.Blocked,TaskState.Blocked,93.60
2025-03-20 00:00:01.395210,TaskState.Suspended,TaskState.Blocked,TaskState.Blocked,TaskState.Blocked,93.86
2025-03-20 00:00:01.395710,TaskState.Running,TaskState.Blocked,TaskState.Blocked,TaskState.Blocked,93.86
2025-03-20 00:00:01.395840,TaskState.Suspended,TaskState.Blocked,TaskState.Blocked,TaskState.Blocked,94.11
2025-03-20 00:00:01.396650,TaskState.Running,TaskState.Blocked,TaskState.Blocked,TaskState.Blocked,94.11
2025-03-20 00:00:01.396780,TaskState.Suspended,TaskState.Blocked,TaskState.Blocked,TaskState.Blocked,94.37
2025-03-20 00:00:01.397110,TaskState.Running,TaskState.Blocked,TaskState.Blocked,TaskState.Blocked,94.37
2025-03-20 00:00:01.397240,TaskState.Suspended,TaskState.Blocked,TaskState.Blocked,TaskState.Blocked,94.63
2025-03-20 00:00:01.397490,TaskState.Running,TaskState.Blocked,TaskState.Blocked,TaskState.Blocked,94.63
2025-03-20 00:00:01.397620,TaskState.Suspended,TaskState.Blocked,TaskState.Blocked,TaskState.Blocked,94.89
2025-03-20 00:00:01.398190,TaskState.Running,TaskState.Blocked,TaskState.Blocked,TaskState.Blocked,94.89
2025-03-20 00:00:01.398320,TaskState.Suspended,TaskState.Blocked,TaskState.Blocked,TaskState.Blocked,95.14
2025-03-20 00:00:01.399130,TaskState.Running,TaskState.Blocked,TaskState.Blocked,TaskState.Blocked,95.14
2025-03-20 00:00:01.399270,TaskState.Suspended,TaskState.Blocked,TaskState.Blocked,TaskState.Blocked,95.40
2025-03-20 00:00:01.399660,TaskState.Running,TaskState.Blocked,TaskState.Blocked,TaskState.Blocked,95.40
2025-03-20 00:00:01.399790,TaskState.Suspended,TaskState.Blocked,TaskState.Blocked,TaskState.Blocked,95.66
2025-03-20 00:00:01.400180,TaskState.Suspended,TaskState.Running,TaskState.Blocked,TaskState.Ready,95.91
2025-03-20 00:00:01.400400,TaskState.Suspended,TaskState.Blocked,TaskState.Blocked,TaskState.Running,95.91
2025-03-20 00:00:01.400730,TaskState.Running,TaskState.Blocked,TaskState.Blocked,TaskState.Ready,95.91
2025-03-20 00:00:01.400860,TaskState.Suspended,TaskState.Blocked,TaskState.Blocked,TaskState.Running,96.17
2025-03-20 00:00:01.401690,TaskState.Running,TaskState.Blocked,TaskState.Blocked,TaskState.Ready,96.17
2025-03-20 00:00:01.401840,TaskState.Suspended,TaskState.Blocked,TaskState.Blocked,TaskState.Running,96.43
2025-03-20 00:00:01.402220,TaskState.Running,TaskState.Blocked,TaskState.Blocked,TaskState.Ready,96.43
2025-03-20 00:00:01.402370,TaskState.Suspended,TaskState.Blocked,TaskState.Blocked,TaskState.Running,96.69
2025-03-20 00:00:01.402600,TaskState.Running,TaskState.Blocked,TaskState.Blocked,TaskState.Ready,96.69
2025-03-20 00:00:01.402730,TaskState.Suspended,TaskState.Blocked,TaskState.Blocked,TaskState.Running,96.94
2025-03-20 00:00:01.403390,TaskState.Running,TaskState.Blocked,TaskState.Blocked,TaskState.Ready,96.94
2025-03-20 00:00:01.403540,TaskState.Suspended,TaskState.Blocked,TaskState.Blocked,TaskState.Running,97.20
2025-03-20 00:00:01.404410,TaskState.Running,TaskState.Blocked,TaskState.Blocked,TaskState.Ready,97.20
2025-03-20 00:00:01.404550,TaskState.Suspended,TaskState.Blocked,TaskState.Blocked,TaskState.Running,97.46
2025-03-20 00:00:01.404920,TaskState.Running,TaskState.Blocked,TaskState.Blocked,TaskState.Ready,97.46
2025-03-20 00:00:01.405060,TaskState.Suspended,TaskState.Blocked,TaskState.Blocked,TaskState.Running,97.71
2025-03-20 00:00:01.405280,TaskState.Running,TaskState.Blocked,TaskState.Blocked,TaskState.Ready,97.71
2025-03-20 00:00:01.405430,TaskState.Suspended,TaskState.Blocked,TaskState.Blocked,TaskState.Running,97.97
2025-03-20 00:00:01.406140,TaskState.Running,TaskState.Blocked,TaskState.Blocked,TaskState.Ready,97.97
2025-03-20 00:00:01.406280,TaskState.Suspended,TaskState.Blocked,TaskState.Blocked,TaskState.Running,98.23
2025-03-20 00:00:01.407140,TaskState.Running,TaskState.Blocked,TaskState.Blocked,TaskState.Ready,98.23
2025-03-20 00:00:01.407290,TaskState.Suspended,TaskState.Blocked,TaskState.Blocked,TaskState.Running,98.49
2025-03-20 00:00:01.407740,TaskState.Running,TaskState.Blocked,TaskState.Blocked,TaskState.Ready,98.49
2025-03-20 00:00:01.407880,TaskState.Suspended,TaskState.Blocked,TaskState.Blocked,TaskState.Running,98.74
2025-03-20 00:00:01.408180,TaskState.Running,TaskState.Blocked,TaskState.Blocked,TaskState.Ready,98.74
2025-03-20 00:00:01.408330,TaskState.Suspended,TaskState.Blocked,TaskState.Blocked,TaskState.Running,99.00
2025-03-20 00:00:01.409010,TaskState.Running,TaskState.Blocked,TaskState.Blocked,TaskState.Ready,99.00
2025-03-20 00:00:01.409160,TaskState.Suspended,TaskState.Blocked,TaskState.Blocked,TaskState.Running,99.26
2025-03-20 00:00:01.410030,TaskState.Suspended,TaskState.Running,TaskState.Blocked,TaskState.Ready,99.26
2025-03-20 00:00:01.410130,TaskState.Running,TaskState.Ready,TaskState.Blocked,TaskState.Ready,99.26
2025-03-20 00:00:01.410280,TaskState.Suspended,TaskState.Running,TaskState.Blocked,TaskState.Ready,99.51
2025-03-20 00:00:01.410530,TaskState.Suspended,TaskState.Blocked,TaskState.Blocked,TaskState.Running,99.51
2025-03-20 00:00:01.410690,TaskState.Running,TaskState.Blocked,TaskState.Blocked,TaskState.Ready,99.51
2025-03-20 00:00:01.410850,TaskState.Suspended,TaskState.Blocked,TaskState.Blocked,TaskState.Running,99.77
2025-03-20 00:00:01.411180,TaskState.Running,TaskState.Blocked,TaskState.Blocked,TaskState.Ready,99.77
2025-03-20 00:00:01.411320,TaskState.Suspended,TaskState.Blocked,TaskState.Blocked,TaskState.Running,100.03
2025-03-20 00:00:01.412010,TaskState.Running,TaskState.Blocked,TaskState.Blocked,TaskState.Ready,100.03
2025-03-20 00:00:01.412150,TaskState.Suspended,TaskState.Blocked,TaskState.Blocked,TaskState.Running,100.29
2025-03-20 00:00:01.413250,TaskState.Running,TaskState.Blocked,TaskState.Blocked,TaskState.Ready,100.29
2025-03-20 00:00:01.413390,TaskState.Suspended,TaskState.Blocked,TaskState.Blocked,TaskState.Running,100.54
2025-03-20 00:00:01.413900,TaskState.Running,TaskState.Blocked,TaskState.Blocked,TaskState.Ready,100.54
2025-03-20 00:00:01.414040,TaskState.Suspended,TaskState.Blocked,TaskState.Blocked,TaskState.Running,100.80
2025-03-20 00:00:01.414420,TaskState.Running,TaskState.Blocked,TaskState.Blocked,TaskState.Ready,100.80
2025-03-20 00:00:01.414560,TaskState.Suspended,TaskState.Blocked,TaskState.Blocked,TaskState.Running,101.06
2025-03-20 00:00:01.415470,TaskState.Running,TaskState.Blocked,TaskState.Blocked,TaskState.Ready,101.06
2025-03-20 00:00:01.415600,TaskState.Suspended,TaskState.Blocked,TaskState.Blocked,TaskState.Running,101.31
2025-03-20 00:00:01.416960,TaskState.Running,TaskState.Blocked,TaskState.Blocked,TaskState.Ready,101.31
2025-03-20 00:00:01.417110,TaskState.Suspended,TaskState.Blocked,TaskState.Blocked,TaskState.Running,101.57
2025-03-20 00:00:01.417770,TaskState.Running,TaskState.Blocked,TaskState.Blocked,TaskState.Ready,101.57
2025-03-20 00:00:01.417900,TaskState.Suspended,TaskState.Blocked,TaskState.Blocked,TaskState.Running,101.83
2025-03-20 00:00:01.418370,TaskState.Running,TaskState.Blocked,TaskState.Blocked,TaskState.Ready,101.83
2025-03-20 00:00:01.418510,TaskState.Suspended,TaskState.Blocked,TaskState.Blocked,TaskState.Running,102.09
2025-03-20 00:00:01.419740,TaskState.Running,TaskState.Blocked,TaskState.Blocked,TaskState.Ready,102.09
2025-03-20 00:00:01.419870,TaskState.Suspended,TaskState.Blocked,TaskState.Blocked,TaskState.Running,102.34
2025-03-20 00:00:01.420030,TaskState.Suspended,TaskState.Running,TaskState.Blocked,TaskState.Ready,102.34
2025-03-20 00:00:01.420270,TaskState.Suspended,TaskState.Blocked,TaskState.Blocked,TaskState.Running,102.34
2025-03-20 00:00:01.421680,TaskState.Running,TaskState.Blocked,TaskState.Blocked,TaskState.Ready,102.34
2025-03-20 00:00:01.421830,TaskState.Suspended,TaskState.Blocked,TaskState.Blocked,TaskState.Running,102.60
2025-03-20 00:00:01.422830,TaskState.Running,TaskState.Blocked,TaskState.Blocked,TaskState.Ready,102.60
2025-03-20 00:00:01.422960,TaskState.Suspended,TaskState.Blocked,TaskState.Blocked,TaskState.Running,102.86
2025-03-20 00:00:01.423670,TaskState.Running,TaskState.Blocked,TaskState.Blocked,TaskState.Ready,102.86
2025-03-20 00:00:01.423810,TaskState.Suspended,TaskState.Blocked,TaskState.Blocked,TaskState.Running,103.11
2025-03-20 00:00:01.425580,TaskState.Running,TaskState.Blocked,TaskState.Blocked,TaskState.Ready,103.11
2025-03-20 00:00:01.425730,TaskState.Suspended,TaskState.Blocked,TaskState.Blocked,TaskState.Running,103.37
2025-03-20 00:00:01.428750,TaskState.Running,TaskState.Blocked,TaskState.Blocked,TaskState.Ready,103.37
2025-03-20 00:00:01.428900,TaskState.Suspended,TaskState.Blocked,TaskState.Blocked,TaskState.Running,103.63
2025-03-20 00:00:01.430030,TaskState.Suspended,TaskState.Running,TaskState.Blocked,TaskState.Ready,103.63
2025-03-20 00:00:01.430280,TaskState.Suspended,TaskState.Blocked,TaskState.Blocked,TaskState.Running,103.63
2025-03-20 00:00:01.431150,TaskState.Running,TaskState.Blocked,TaskState.Blocked,TaskState.Ready,103.63
2025-03-20 00:00:01.431300,TaskState.Suspended,TaskState.Blocked,TaskState.Blocked,TaskState.Running,103.89
2025-03-20 00:00:01.432880,TaskState.Running,TaskState.Blocked,TaskState.Blocked,TaskState.Ready,103.89
2025-03-20 00:00:01.433020,TaskState.Suspended,TaskState.Blocked,TaskState.Blocked,TaskState.Running,104.14
2025-03-20 00:00:01.440030,TaskState.Suspended,TaskState.Running,TaskState.Blocked,TaskState.Ready,104.14
2025-03-20 00:00:01.440270,TaskState.Suspended,TaskState.Blocked,TaskState.Blocked,TaskState.Running,104.14
2025-03-20 00:00:01.442890,TaskState.Running,TaskState.Blocked,TaskState.Blocked,TaskState.Ready,104.14
2025-03-20 00:00:01.443030,TaskState.Suspended,TaskState.Blocked,TaskState.Blocked,TaskState.Running,103.89
2025-03-20 00:00:01.444960,TaskState.Running,TaskState.Blocked,TaskState.Blocked,TaskState.Ready,103.89
2025-03-20 00:00:01.445100,TaskState.Suspended,TaskState.Blocked,TaskState.Blocked,TaskState.Running,103.63
2025-03-20 00:00:01.448630,TaskState.Running,TaskState.Blocked,TaskState.Blocked,TaskState.Ready,103.63
2025-03-20 00:00:01.448780,TaskState.Suspended,TaskState.Blocked,TaskState.Blocked,TaskState.Running,103.37
2025-03-20 00:00:01.450030,TaskState.Suspended,TaskState.Running,TaskState.Blocked,TaskState.Ready,103.37
2025-03-20 00:00:01.450270,TaskState.Suspended,TaskState.Blocked,TaskState.Blocked,TaskState.Running,103.37
2025-03-20 00:00:01.453190,TaskState.Running,TaskState.Blocked,TaskState.Blocked,TaskState.Ready,103.37
2025-03-20 00:00:01.453330,TaskState.Suspended,TaskState.Blocked,TaskState.Blocked,TaskState.Running,103.11
2025-03-20 00:00:01.456460,TaskState.Running,TaskState.Blocked,TaskState.Blocked,TaskState.Ready,103.11
2025-03-20 00:00:01.456590,TaskState.Suspended,TaskState.Blocked,TaskState.Blocked,TaskState.Running,102.86
2025-03-20 00:00:01.457560,TaskState.Running,TaskState.Blocked,TaskState.Blocked,TaskState.Ready,102.86
2025-03-20 00:00:01.457700,TaskState.Suspended,TaskState.Blocked,TaskState.Blocked,TaskState.Running,102.60
2025-03-20 00:00:01.459780,TaskState.Running,TaskState.Blocked,TaskState.Blocked,TaskState.Ready,102.60
2025-03-20 00:00:01.459920,TaskState.Suspended,TaskState.Blocked,TaskState.Blocked,TaskState.Running,102.34
2025-03-20 00:00:01.460040,TaskState.Suspended,TaskState.Running,TaskState.Blocked,TaskState.Ready,102.34
2025-03-20 00:00:01.460280,TaskState.Suspended,TaskState.Blocked,TaskState.Blocked,TaskState.Running,102.34
2025-03-20 00:00:01.463430,TaskState.Running,TaskState.Blocked,TaskState.Blocked,TaskState.Ready,102.34
2025-03-20 00:00:01.463580,TaskState.Suspended,TaskState.Blocked,TaskState.Blocked,TaskState.Running,102.09
2025-03-20 00:00:01.466050,TaskState.Running,TaskState.Blocked,TaskState.Blocked,TaskState.Ready,102.09
2025-03-20 00:00:01.466200,TaskState.Suspended,TaskState.Blocked,TaskState.Blocked,TaskState.Running,101.83
2025-03-20 00:00:01.467150,TaskState.Running,TaskState.Blocked,TaskState.Blocked,TaskState.Ready,101.83
2025-03-20 00:00:01.467300,TaskState.Suspended,TaskState.Blocked,TaskState.Blocked,TaskState.Running,101.57
2025-03-20 00:00:01.468920,TaskState.Running,TaskState.Blocked,TaskState.Blocked,TaskState.Ready,101.57
2025-03-20 00:00:01.469070,TaskState.Suspended,TaskState.Blocked,TaskState.Blocked,TaskState.Running,101.31
2025-03-20 00:00:01.470030,TaskState.Suspended,TaskState.Running,TaskState.Blocked,TaskState.Ready,101.31
2025-03-20 00:00:01.470280,TaskState.Suspended,TaskState.Blocked,TaskState.Blocked,TaskState.Running,101.31
2025-03-20 00:00:01.471850,TaskState.Running,TaskState.Blocked,TaskState.Blocked,TaskState.Ready,101.31
2025-03-20 00:00:01.472000,TaskState.Suspended,TaskState.Blocked,TaskState.Blocked,TaskState.Running,101.06
2025-03-20 00:00:01.474100,TaskState.Running,TaskState.Blocked,TaskState.Blocked,TaskState.Ready,101.06
2025-03-20 00:00:01.474230,TaskState.Suspended,TaskState.Blocked,TaskState.Blocked,TaskState.Running,100.80
2025-03-20 00:00:01.475240,TaskState.Running,TaskState.Blocked,TaskState.Blocked,TaskState.Ready,100.80
2025-03-20 00:00:01.475390,TaskState.Suspended,TaskState.Blocked,TaskState.Blocked,TaskState.Running,100.54
2025-03-20 00:00:01.476820,TaskState.Running,TaskState.Blocked,TaskState.Blocked,TaskState.Ready,100.54
2025-03-20 00:00:01.476960,TaskState.Suspended,TaskState.Blocked,TaskState.Blocked,TaskState.Running,100.29
2025-03-20 00:00:01.479570,TaskState.Running,TaskState.Blocked,TaskState.Blocked,TaskState.Ready,100.29
2025-03-20 00:00:01.479710,TaskState.Suspended,TaskState.Blocked,TaskState.Blocked,TaskState.Running,100.03
2025-03-20 00:00:01.480030,TaskState.Suspended,TaskState.Running,TaskState.Blocked,TaskState.Ready,100.03
2025-03-20 00:00:01.480270,TaskState.Suspended,TaskState.Blocked,TaskState.Blocked,TaskState.Running,100.03
2025-03-20 00:00:01.481710,TaskState.Running,TaskState.Blocked,TaskState.Blocked,TaskState.Ready,100.03
2025-03-20 00:00:01.481850,TaskState.Suspended,TaskState.Blocked,TaskState.Blocked,TaskState.Running,99.77
2025-03-20 00:00:01.482750,TaskState.Running,TaskState.Blocked,TaskState.Blocked,TaskState.Ready,99.77
2025-03-20 00:00:01.482890,TaskState.Suspended,TaskState.Blocked,TaskState.Blocked,TaskState.Running,99.51
2025-03-20 00:00:01.484320,TaskState.Running,TaskState.Blocked,TaskState.Blocked,TaskState.Ready,99.51
2025-03-20 00:00:01.484470,TaskState.Suspended,TaskState.Blocked,TaskState.Blocked,TaskState.Running,99.26
2025-03-20 00:00:01.486950,TaskState.Running,TaskState.Blocked,TaskState.Blocked,TaskState.Ready,99.26
2025-03-20 00:00:01.487090,TaskState.Suspended,TaskState.Blocked,TaskState.Blocked,TaskState.Running,99.00
2025-03-20 00:00:01.489220,TaskState.Running,TaskState.Blocked,TaskState.Blocked,TaskState.Ready,99.00
2025-03-20 00:00:01.489370,TaskState.Suspended,TaskState.Blocked,TaskState.Blocked,TaskState.Running,98.74
2025-03-20 00:00:01.490030,TaskState.Suspended,TaskState.Running,TaskState.Blocked,TaskState.Ready,98.74
2025-03-20 00:00:01.490130,TaskState.Running,TaskState.Ready,TaskState.Blocked,TaskState.Ready,98.74
2025-03-20 00:00:01.490280,TaskState.Suspended,TaskState.Running,TaskState.Blocked,TaskState.Ready,98.49
2025-03-20 00:00:01.490530,TaskState.Suspended,TaskState.Blocked,TaskState.Blocked,TaskState.Running,98.49
2025-03-20 00:00:01.491780,TaskState.Running,TaskState.Blocked,TaskState.Blocked,TaskState.Ready,98.49
2025-03-20 00:00:01.491920,TaskState.Suspended,TaskState.Blocked,TaskState.Blocked,TaskState.Running,98.23
2025-03-20 00:00:01.494130,TaskState.Running,TaskState.Blocked,TaskState.Blocked,TaskState.Ready,98.23
2025-03-20 00:00:01.494270,TaskState.Suspended,TaskState.Blocked,TaskState.Blocked,TaskState.Running,97.97
2025-03-20 00:00:01.496480,TaskState.Running,TaskState.Blocked,TaskState.Blocked,TaskState.Ready,97.97
2025-03-20 00:00:01.496630,TaskState.Suspended,TaskState.Blocked,TaskState.Blocked,TaskState.Running,97.71
2025-03-20 00:00:01.497250,TaskState.Running,TaskState.Blocked,TaskState.Blocked,TaskState.Ready,97.71
2025-03-20 00:00:01.497390,TaskState.Suspended,TaskState.Blocked,TaskState.Blocked,TaskState.Running,97.46
2025-03-20 00:00:01.498800,TaskState.Running,TaskState.Blocked,TaskState.Blocked,TaskState.Ready,97.46
2025-03-20 00:00:01.498950,TaskState.Suspended,TaskState.Blocked,TaskState.Blocked,TaskState.Running,97.20
2025-03-20 00:00:01.500030,TaskState.Suspended,TaskState.Running,TaskState.Blocked,TaskState.Ready,97.20
2025-03-20 00:00:01.500260,TaskState.Suspended,TaskState.Blocked,TaskState.Blocked,TaskState.Running,97.20
2025-03-20 00:00:01.501350,TaskState.Running,TaskState.Blocked,TaskState.Blocked,TaskState.Ready,97.20
2025-03-20 00:00:01.501490,TaskState.Suspended,TaskState.Blocked,TaskState.Blocked,TaskState.Running,96.94
2025-03-20 00:00:01.503830,TaskState.Running,TaskState.Blocked,TaskState.Blocked,TaskState.Ready,96.94
2025-03-20 00:00:01.503980,TaskState.Suspended,TaskState.Blocked,TaskState.Blocked,TaskState.Running,96.69
2025-03-20 00:00:01.504760,TaskState.Running,TaskState.Blocked,TaskState.Blocked,TaskState.Ready,96.69
2025-03-20 00:00:01.504900,TaskState.Suspended,TaskState.Blocked,TaskState.Blocked,TaskState.Running,96.43
2025-03-20 00:00:01.506690,TaskState.Running,TaskState.Blocked,TaskState.Blocked,TaskState.Ready,96.43
2025-03-20 00:00:01.506830,TaskState.Suspended,TaskState.Blocked,TaskState.Blocked,TaskState.Running,96.17
2025-03-20 00:00:01.509910,TaskState.Running,TaskState.Blocked,TaskState.Blocked,TaskState.Ready,96.17
2025-03-20 00:00:01.510080,TaskState.Suspended,TaskState.Running,TaskState.Blocked,TaskState.Ready,95.91
2025-03-20 00:00:01.510330,TaskState.Suspended,TaskState.Blocked,TaskState.Blocked,TaskState.Running,95.91
2025-03-20 00:00:01.513110,TaskState.Running,TaskState.Blocked,TaskState.Blocked,TaskState.Ready,95.91
2025-03-20 00:00:01.513260,TaskState.Suspended,TaskState.Blocked,TaskState.Blocked,TaskState.Running,95.66
2025-03-20 00:00:01.514610,TaskState.Running,TaskState.Blocked,TaskState.Blocked,TaskState.Ready,95.66
2025-03-20 00:00:01.514760,TaskState.Suspended,TaskState.Blocked,TaskState.Blocked,TaskState.Running,95.40
2025-03-20 00:00:01.518010,TaskState.Running,TaskState.Blocked,TaskState.Blocked,TaskState.Ready,95.40
2025-03-20 00:00:01.518150,TaskState.Suspended,TaskState.Blocked,TaskState.Blocked,TaskState.Running,95.14
2025-03-20 00:00:01.520030,TaskState.Suspended,TaskState.Running,TaskState.Blocked,TaskState.Ready,95.14
2025-03-20 00:00:01.520270,TaskState.Suspended,TaskState.Blocked,TaskState.Blocked,TaskState.Running,95.14
2025-03-20 00:00:01.526560,TaskState.Running,TaskState.Blocked,TaskState.Blocked,TaskState.Ready,95.14
2025-03-20 00:00:01.526710,TaskState.Suspended,TaskState.Blocked,TaskState.Blocked,TaskState.Running,94.89
2025-03-20 00:00:01.530030,TaskState.Suspended,TaskState.Running,TaskState.Blocked,TaskState.Ready,94.89
2025-03-20 00:00:01.530270,TaskState.Suspended,TaskState.Blocked,TaskState.Blocked,TaskState.Running,94.89
2025-03-20 00:00:01.540030,TaskState.Suspended,TaskState.Running,TaskState.Blocked,TaskState.Ready,94.89
2025-03-20 00:00:01.540270,TaskState.Suspended,TaskState.Blocked,TaskState.Blocked,TaskState.Running,94.89
2025-03-20 00:00:01.550030,TaskState.Suspended,TaskState.Running,TaskState.Blocked,TaskState.Ready,94.89
2025-03-20 00:00:01.550280,TaskState.Suspended,TaskState.Blocked,TaskState.Blocked,TaskState.Running,94.89
2025-03-20 00:00:01.560030,TaskState.Suspended,TaskState.Running,TaskState.Blocked,TaskState.Ready,94.89
2025-03-20 00:00:01.560270,TaskState.Suspended,TaskState.Blocked,TaskState.Blocked,TaskState.Running,94.89
2025-03-20 00:00:01.570040,TaskState.Suspended,TaskState.Running,TaskState.Blocked,TaskState.Ready,94.89
2025-03-20 00:00:01.570270,TaskState.Suspended,TaskState.Blocked,TaskState.Blocked,TaskState.Running,94.89
2025-03-20 00:00:01.580030,TaskState.Suspended,TaskState.Running,TaskState.Blocked,TaskState.Ready,94.89
2025-03-20 00:00:01.580270,TaskState.Suspended,TaskState.Blocked,TaskState.Blocked,TaskState.Running,94.89
2025-03-20 00:00:01.590030,TaskState.Suspended,TaskState.Running,TaskState.Blocked,TaskState.Ready,94.89
2025-03-20 00:00:01.590270,TaskState.Suspended,TaskState.Blocked,TaskState.Blocked,TaskState.Running,94.89
2025-03-20 00:00:01.600030,TaskState.Suspended,TaskState.Running,TaskState.Blocked,TaskState.Ready,94.89
2025-03-20 00:00:01.600280,TaskState.Suspended,TaskState.Blocked,TaskState.Blocked,TaskState.Running,94.89
2025-03-20 00:00:01.610030,TaskState.Suspended,TaskState.Running,TaskState.Blocked,TaskState.Ready,94.89
2025-03-20 00:00:01.610270,TaskState.Suspended,TaskState.Blocked,TaskState.Blocked,TaskState.Running,94.89
2025-03-20 00:00:01.620030,TaskState.Suspended,TaskState.Running,TaskState.Blocked,TaskState.Ready,94.89
2025-03-20 00:00:01.620270,TaskState.Suspended,TaskState.Blocked,TaskState.Blocked,TaskState.Running,94.89
2025-03-20 00:00:01.630030,TaskState.Suspended,TaskState.Running,TaskState.Blocked,TaskState.Ready,94.89
2025-03-20 00:00:01.630270,TaskState.Suspended,TaskState.Blocked,TaskState.Blocked,TaskState.Running,94.89
2025-03-20 00:00:01.640030,TaskState.Suspended,TaskState.Running,TaskState.Blocked,TaskState.Ready,94.89
2025-03-20 00:00:01.640280,TaskState.Suspended,TaskState.Blocked,TaskState.Blocked,TaskState.Running,94.89
2025-03-20 00:00:01.650030,TaskState.Suspended,TaskState.Running,TaskState.Blocked,TaskState.Ready,94.89
2025-03-20 00:00:01.650270,TaskState.Suspended,TaskState.Blocked,TaskState.Blocked,TaskState.Running,94.89
2025-03-20 00:00:01.660030,TaskState.Suspended,TaskState.Running,TaskState.Blocked,TaskState.Ready,94.89
2025-03-20 00:00:01.660270,TaskState.Suspended,TaskState.Blocked,TaskState.Blocked,TaskState.Running,94.89
2025-03-20 00:00:01.670030,TaskState.Suspended,TaskState.Running,TaskState.Blocked,TaskState.Ready,94.89
2025-03-20 00:00:01.670260,TaskState.Suspended,TaskState.Blocked,TaskState.Blocked,TaskState.Running,94.89
2025-03-20 00:00:01.680030,TaskState.Suspended,TaskState.Running,TaskState.Blocked,TaskState.Ready,94.89
2025-03-20 00:00:01.680280,TaskState.Suspended,TaskState.Blocked,TaskState.Blocked,TaskState.Running,94.89
2025-03-20 00:00:01.690030,TaskState.Suspended,TaskState.Running,TaskState.Blocked,TaskState.Ready,94.89
2025-03-20 00:00:01.690270,TaskState.Suspended,TaskState.Blocked,TaskState.Blocked,TaskState.Running,94.89
2025-03-20 00:00:01.700030,TaskState.Suspended,TaskState.Running,TaskState.Blocked,TaskState.Ready,94.89
2025-03-20 00:00:01.700270,TaskState.Suspended,TaskState.Blocked,TaskState.Blocked,TaskState.Running,94.89
2025-03-20 00:00:01.710030,TaskState.Suspended,TaskState.Running,TaskState.Blocked,TaskState.Ready,94.89
2025-03-20 00:00:01.710270,TaskState.Suspended,TaskState.Blocked,TaskState.Blocked,TaskState.Running,94.89
2025-03-20 00:00:01.720030,TaskState.Suspended,TaskState.Running,TaskState.Blocked,TaskState.Ready,94.89
2025-03-20 00:00:01.720280,TaskState.Suspended,TaskState.Blocked,TaskState.Blocked,TaskState.Running,94.89
2025-03-20 00:00:01.730030,TaskState.Suspended,TaskState.Running,TaskState.Blocked,TaskState.Ready,94.89
2025-03-20 00:00:01.730280,TaskState.Suspended,TaskState.Blocked,TaskState.Blocked,TaskState.Running,94.89
2025-03-20 00:00:01.740030,TaskState.Suspended,TaskState.Running,TaskState.Blocked,TaskState.Ready,94.89
2025-03-20 00:00:01.740270,TaskState.Suspended,TaskState.Blocked,TaskState.Blocked,TaskState.Running,94.89
2025-03-20 00:00:01.750040,TaskState.Suspended,TaskState.Running,TaskState.Blocked,TaskState.Ready,94.89
2025-03-20 00:00:01.750270,TaskState.Suspended,TaskState.Blocked,TaskState.Blocked,TaskState.Running,94.89
2025-03-20 00:00:01.760030,TaskState.Suspended,TaskState.Running,TaskState.Blocked,TaskState.Ready,94.89
2025-03-20 00:00:01.760270,TaskState.Suspended,TaskState.Blocked,TaskState.Blocked,TaskState.Running,94.89
2025-03-20 00:00:01.770030,TaskState.Suspended,TaskState.Running,TaskState.Blocked,TaskState.Ready,94.89
2025-03-20 00:00:01.770280,TaskState.Suspended,TaskState.Blocked,TaskState.Blocked,TaskState.Running,94.89
2025-03-20 00:00:01.780030,TaskState.Suspended,TaskState.Running,TaskState.Blocked,TaskState.Ready,94.89
2025-03-20 00:00:01.780270,TaskState.Suspended,TaskState.Blocked,TaskState.Blocked,TaskState.Running,94.89
2025-03-20 00:00:01.790030,TaskState.Suspended,TaskState.Running,TaskState.Blocked,TaskState.Ready,94.89
2025-03-20 00:00:02.081190,TaskState.Running,TaskState.Blocked,TaskState.Blocked,TaskState.Ready,74.83
2025-03-20 00:00:02.083250,TaskState.Suspended,TaskState.Blocked,TaskState.Blocked,TaskState.Running,73.80
2025-03-20 00:00:02.083420,TaskState.Running,TaskState.Blocked,TaskState.Blocked,TaskState.Ready,73.80
2025-03-20 00:00:02.083570,TaskState.Suspended,TaskState.Blocked,TaskState.Blocked,TaskState.Running,73.54
2025-03-20 00:00:02.084240,TaskState.Running,TaskState.Blocked,TaskState.Blocked,TaskState.Ready,73.54
2025-03-20 00:00:02.084370,TaskState.Suspended,TaskState.Blocked,TaskState.Blocked,TaskState.Running,73.29
2025-03-20 00:00:02.084890,TaskState.Running,TaskState.Blocked,TaskState.Blocked,TaskState.Ready,73.29
2025-03-20 00:00:02.085030,TaskState.Suspended,TaskState.Blocked,TaskState.Blocked,TaskState.Running,73.03
2025-03-20 00:00:02.085160,TaskState.Running,TaskState.Blocked,TaskState.Blocked,TaskState.Ready,73.03
2025-03-20 00:00:02.085300,TaskState.Suspended,TaskState.Blocked,TaskState.Blocked,TaskState.Running,72.77
2025-03-20 00:00:02.085610,TaskState.Running,TaskState.Blocked,TaskState.Blocked,TaskState.Ready,72.77
2025-03-20 00:00:02.085760,TaskState.Suspended,TaskState.Blocked,TaskState.Blocked,TaskState.Running,72.51
2025-03-20 00:00:02.086410,TaskState.Running,TaskState.Blocked,TaskState.Blocked,TaskState.Ready,72.51
2025-03-20 00:00:02.086550,TaskState.Suspended,TaskState.Blocked,TaskState.Blocked,TaskState.Running,72.26
2025-03-20 00:00:02.087020,TaskState.Running,TaskState.Blocked,TaskState.Blocked,TaskState.Ready,72.26
2025-03-20 00:00:02.087160,TaskState.Suspended,TaskState.Blocked,TaskState.Blocked,TaskState.Running,72.00
2025-03-20 00:00:02.087320,TaskState.Running,TaskState.Blocked,TaskState.Blocked,TaskState.Ready,72.00
2025-03-20 00:00:02.087470,TaskState.Suspended,TaskState.Blocked,TaskState.Blocked,TaskState.Running,71.74
2025-03-20 00:00:02.087770,TaskState.Running,TaskState.Blocked,TaskState.Blocked,TaskState.Ready,71.74
2025-03-20 00:00:02.087910,TaskState.Suspended,TaskState.Blocked,TaskState.Blocked,TaskState.Running,71.49
2025-03-20 00:00:02.088570,TaskState.Running,TaskState.Blocked,TaskState.Blocked,TaskState.Ready,71.49
2025-03-20 00:00:02.088710,TaskState.Suspended,TaskState.Blocked,TaskState.Blocked,TaskState.Running,71.23
2025-03-20 00:00:02.089170,TaskState.Running,TaskState.Blocked,TaskState.Blocked,TaskState.Ready,71.23
2025-03-20 00:00:02.089310,TaskState.Suspended,TaskState.Blocked,TaskState.Blocked,TaskState.Running,70.97
2025-03-20 00:00:02.089460,TaskState.Running,TaskState.Blocked,TaskState.Blocked,TaskState.Ready,70.97
2025-03-20 00:00:02.089600,TaskState.Suspended,TaskState.Blocked,TaskState.Blocked,TaskState.Running,70.71
2025-03-20 00:00:02.089910,TaskState.Running,TaskState.Blocked,TaskState.Blocked,TaskState.Ready,70.71
2025-03-20 00:00:02.090080,TaskState.Suspended,TaskState.Running,TaskState.Blocked,TaskState.Ready,70.46
2025-03-20 00:00:02.090320,TaskState.Suspended,TaskState.Blocked,TaskState.Blocked,TaskState.Running,70.46
2025-03-20 00:00:02.090670,TaskState.Running,TaskState.Blocked,TaskState.Blocked,TaskState.Ready,70.46
2025-03-20 00:00:02.090820,TaskState.Suspended,TaskState.Blocked,TaskState.Blocked,TaskState.Running,70.20
2025-03-20 00:00:02.091310,TaskState.Running,TaskState.Blocked,TaskState.Blocked,TaskState.Ready,70.20
2025-03-20 00:00:02.091450,TaskState.Suspended,TaskState.Blocked,TaskState.Blocked,TaskState.Running,69.94
2025-03-20 00:00:02.091570,TaskState.Running,TaskState.Blocked,TaskState.Blocked,TaskState.Ready,69.94
2025-03-20 00:00:02.091710,TaskState.Suspended,TaskState.Blocked,TaskState.Blocked,TaskState.Running,69.69
2025-03-20 00:00:02.092040,TaskState.Running,TaskState.Blocked,TaskState.Blocked,TaskState.Ready,69.69
2025-03-20 00:00:02.092190,TaskState.Suspended,TaskState.Blocked,TaskState.Blocked,TaskState.Running,69.43
2025-03-20 00:00:02.092770,TaskState.Running,TaskState.Blocked,TaskState.Blocked,TaskState.Ready,69.43
2025-03-20 00:00:02.092910,TaskState.Suspended,TaskState.Blocked,TaskState.Blocked,TaskState.Running,69.17
2025-03-20 00:00:02.093460,TaskState.Running,TaskState.Blocked,TaskState.Blocked,TaskState.Ready,69.17
2025-03-20 00:00:02.093600,TaskState.Suspended,TaskState.Blocked,TaskState.Blocked,TaskState.Running,68.91
2025-03-20 00:00:02.093700,TaskState.Running,TaskState.Blocked,TaskState.Blocked,TaskState.Ready,68.91
2025-03-20 00:00:02.093850,TaskState.Suspended,TaskState.Blocked,TaskState.Blocked,TaskState.Running,68.66
2025-03-20 00:00:02.094110,TaskState.Running,TaskState.Blocked,TaskState.Blocked,TaskState.Ready,68.66
2025-03-20 00:00:02.198320,TaskState.Running,TaskState.Blocked,TaskState.Blocked,TaskState.Ready,11.57
2025-03-20 00:00:02.200950,TaskState.Suspended,TaskState.Blocked,TaskState.Blocked,TaskState.Running,10.54
2025-03-20 00:00:02.201250,TaskState.Running,TaskState.Blocked,TaskState.Blocked,TaskState.Ready,10.54
2025-03-20 00:00:02.201390,TaskState.Suspended,TaskState.Blocked,TaskState.Blocked,TaskState.Running,10.29
2025-03-20 00:00:02.201770,TaskState.Running,TaskState.Blocked,TaskState.Blocked,TaskState.Ready,10.29
2025-03-20 00:00:02.201900,TaskState.Suspended,TaskState.Blocked,TaskState.Blocked,TaskState.Running,10.03
2025-03-20 00:00:02.202000,TaskState.Running,TaskState.Blocked,TaskState.Blocked,TaskState.Ready,10.03
2025-03-20 00:00:02.202130,TaskState.Suspended,TaskState.Blocked,TaskState.Blocked,TaskState.Running,9.77
2025-03-20 00:00:02.202350,TaskState.Running,TaskState.Blocked,TaskState.Blocked,TaskState.Ready,9.77
2025-03-20 00:00:02.202500,TaskState.Suspended,TaskState.Blocked,TaskState.Blocked,TaskState.Running,9.51
2025-03-20 00:00:02.202990,TaskState.Running,TaskState.Blocked,TaskState.Blocked,TaskState.Ready,9.51
2025-03-20 00:00:02.203130,TaskState.Suspended,TaskState.Blocked,TaskState.Blocked,TaskState.Running,9.26
2025-03-20 00:00:02.203500,TaskState.Running,TaskState.Blocked,TaskState.Blocked,TaskState.Ready,9.26
2025-03-20 00:00:02.203650,TaskState.Suspended,TaskState.Blocked,TaskState.Blocked,TaskState.Running,9.00
2025-03-20 00:00:02.203750,TaskState.Running,TaskState.Blocked,TaskState.Blocked,TaskState.Ready,9.00
2025-03-20 00:00:02.203880,TaskState.Suspended,TaskState.Blocked,TaskState.Blocked,TaskState.Running,8.74
2025-03-20 00:00:02.204080,TaskState.Running,TaskState.Blocked,TaskState.Blocked,TaskState.Ready,8.74
2025-03-20 00:00:02.204210,TaskState.Suspended,TaskState.Blocked,TaskState.Blocked,TaskState.Running,8.49
2025-03-20 00:00:02.204710,TaskState.Running,TaskState.Blocked,TaskState.Blocked,TaskState.Ready,8.49
2025-03-20 00:00:02.204850,TaskState.Suspended,TaskState.Blocked,TaskState.Blocked,TaskState.Running,8.23
2025-03-20 00:00:02.205200,TaskState.Running,TaskState.Blocked,TaskState.Blocked,TaskState.Ready,8.23
2025-03-20 00:00:02.205340,TaskState.Suspended,TaskState.Blocked,TaskState.Blocked,TaskState.Running,7.97
2025-03-20 00:00:02.205450,TaskState.Running,TaskState.Blocked,TaskState.Blocked,TaskState.Ready,7.97
2025-03-20 00:00:02.205590,TaskState.Suspended,TaskState.Blocked,TaskState.Blocked,TaskState.Running,7.71
2025-03-20 00:00:02.205810,TaskState.Running,TaskState.Blocked,TaskState.Blocked,TaskState.Ready,7.71
2025-03-20 00:00:02.205950,TaskState.Suspended,TaskState.Blocked,TaskState.Blocked,TaskState.Running,7.46
2025-03-20 00:00:02.206450,TaskState.Running,TaskState.Blocked,TaskState.Blocked,TaskState.Ready,7.46
2025-03-20 00:00:02.206590,TaskState.Suspended,TaskState.Blocked,TaskState.Blocked,TaskState.Running,7.20
2025-03-20 00:00:02.206950,TaskState.Running,TaskState.Blocked,TaskState.Blocked,TaskState.Ready,7.20
2025-03-20 00:00:02.207090,TaskState.Suspended,TaskState.Blocked,TaskState.Blocked,TaskState.Running,6.94
2025-03-20 00:00:02.207190,TaskState.Running,TaskState.Blocked,TaskState.Blocked,TaskState.Ready,6.94
2025-03-20 00:00:02.207330,TaskState.Suspended,TaskState.Blocked,TaskState.Blocked,TaskState.Running,6.69
2025-03-20 00:00:02.207560,TaskState.Running,TaskState.Blocked,TaskState.Blocked,TaskState.Ready,6.69
2025-03-20 00:00:02.207690,TaskState.Suspended,TaskState.Blocked,TaskState.Blocked,TaskState.Running,6.43
2025-03-20 00:00:02.208170,TaskState.Running,TaskState.Blocked,TaskState.Blocked,TaskState.Ready,6.43
2025-03-20 00:00:02.208300,TaskState.Suspended,TaskState.Blocked,TaskState.Blocked,TaskState.Running,6.17
2025-03-20 00:00:02.208700,TaskState.Running,TaskState.Blocked,TaskState.Blocked,TaskState.Ready,6.17
2025-03-20 00:00:02.208850,TaskState.Suspended,TaskState.Blocked,TaskState.Blocked,TaskState.Running,5.91
2025-03-20 00:00:02.305830,TaskState.Running,TaskState.Blocked,TaskState.Blocked,TaskState.Ready,-51.43
2025-03-20 00:00:02.306990,TaskState.Suspended,TaskState.Blocked,TaskState.Blocked,TaskState.Running,-52.20
2025-03-20 00:00:02.307090,TaskState.Running,TaskState.Blocked,TaskState.Blocked,TaskState.Ready,-52.20
2025-03-20 00:00:02.307230,TaskState.Suspended,TaskState.Blocked,TaskState.Blocked,TaskState.Running,-52.46
2025-03-20 00:00:02.307570,TaskState.Running,TaskState.Blocked,TaskState.Blocked,TaskState.Ready,-52.46
2025-03-20 00:00:02.307700,TaskState.Suspended,TaskState.Blocked,TaskState.Blocked,TaskState.Running,-52.71
2025-03-20 00:00:02.307800,TaskState.Running,TaskState.Blocked,TaskState.Blocked,TaskState.Ready,-52.71
2025-03-20 00:00:02.307930,TaskState.Suspended,TaskState.Blocked,TaskState.Blocked,TaskState.Running,-52.97
2025-03-20 00:00:02.308110,TaskState.Running,TaskState.Blocked,TaskState.Blocked,TaskState.Ready,-52.97
2025-03-20 00:00:02.308230,TaskState.Suspended,TaskState.Blocked,TaskState.Blocked,TaskState.Running,-53.23
2025-03-20 00:00:02.308720,TaskState.Running,TaskState.Blocked,TaskState.Blocked,TaskState.Ready,-53.23
2025-03-20 00:00:02.308850,TaskState.Suspended,TaskState.Blocked,TaskState.Blocked,TaskState.Running,-53.49
2025-03-20 00:00:02.309270,TaskState.Running,TaskState.Blocked,TaskState.Blocked,TaskState.Ready,-53.49
2025-03-20 00:00:02.309410,TaskState.Suspended,TaskState.Blocked,TaskState.Blocked,TaskState.Running,-53.74
2025-03-20 00:00:02.309510,TaskState.Running,TaskState.Blocked,TaskState.Blocked,TaskState.Ready,-53.74
2025-03-20 00:00:02.309640,TaskState.Suspended,TaskState.Blocked,TaskState.Blocked,TaskState.Running,-54.00
2025-03-20 00:00:02.309830,TaskState.Running,TaskState.Blocked,TaskState.Blocked,TaskState.Ready,-54.00
2025-03-20 00:00:02.309960,TaskState.Suspended,TaskState.Blocked,TaskState.Blocked,TaskState.Running,-54.26
2025-03-20 00:00:02.310060,TaskState.Suspended,TaskState.Running,TaskState.Blocked,TaskState.Ready,-54.26
2025-03-20 00:00:02.310270,TaskState.Suspended,TaskState.Blocked,TaskState.Blocked,TaskState.Running,-54.26
2025-03-20 00:00:02.310440,TaskState.Running,TaskState.Blocked,TaskState.Blocked,TaskState.Ready,-54.26
2025-03-20 00:00:02.310580,TaskState.Suspended,TaskState.Blocked,TaskState.Blocked,TaskState.Running,-54.51
2025-03-20 00:00:02.310950,TaskState.Running,TaskState.Blocked,TaskState.Blocked,TaskState.Ready,-54.51
2025-03-20 00:00:02.311080,TaskState.Suspended,TaskState.Blocked,TaskState.Blocked,TaskState.Running,-54.77
2025-03-20 00:00:02.311190,TaskState.Running,TaskState.Blocked,TaskState.Blocked,TaskState.Ready,-54.77
2025-03-20 00:00:02.311320,TaskState.Suspended,TaskState.Blocked,TaskState.Blocked,TaskState.Running,-55.03
2025-03-20 00:00:02.311520,TaskState.Running,TaskState.Blocked,TaskState.Blocked,TaskState.Ready,-55.03
2025-03-20 00:00:02.311660,TaskState.Suspended,TaskState.Blocked,TaskState.Blocked,TaskState.Running,-55.29
2025-03-20 00:00:02.312130,TaskState.Running,TaskState.Blocked,TaskState.Blocked,TaskState.Ready,-55.29
2025-03-20 00:00:02.312280,TaskState.Suspended,TaskState.Blocked,TaskState.Blocked,TaskState.Running,-55.54
2025-03-20 00:00:02.312640,TaskState.Running,TaskState.Blocked,TaskState.Blocked,TaskState.Ready,-55.54
2025-03-20 00:00:02.312780,TaskState.Suspended,TaskState.Blocked,TaskState.Blocked,TaskState.Running,-55.80
2025-03-20 00:00:02.312880,TaskState.Running,TaskState.Blocked,TaskState.Blocked,TaskState.Ready,-55.80
2025-03-20 00:00:02.313030,TaskState.Suspended,TaskState.Blocked,TaskState.Blocked,TaskState.Running,-56.06
2025-03-20 00:00:02.313200,TaskState.Running,TaskState.Blocked,TaskState.Blocked,TaskState.Ready,-56.06
2025-03-20 00:00:02.313330,TaskState.Suspended,TaskState.Blocked,TaskState.Blocked,TaskState.Running,-56.31
2025-03-20 00:00:02.313820,TaskState.Running,TaskState.Blocked,TaskState.Blocked,TaskState.Ready,-56.31
2025-03-20 00:00:02.313970,TaskState.Suspended,TaskState.Blocked,TaskState.Blocked,TaskState.Running,-56.57
2025-03-20 00:00:02.314290,TaskState.Running,TaskState.Blocked,TaskState.Blocked,TaskState.Ready,-56.57
2025-03-20 00:00:02.314420,TaskState.Suspended,TaskState.Blocked,TaskState.Blocked,TaskState.Running,-56.83
2025-03-20 00:00:02.314530,TaskState.Running,TaskState.Blocked,TaskState.Blocked,TaskState.Ready,-56.83
2025-03-20 00:00:02.314670,TaskState.Suspended,TaskState.Blocked,TaskState.Blocked,TaskState.Running,-57.09
2025-03-20 00:00:02.314880,TaskState.Running,TaskState.Blocked,TaskState.Blocked,TaskState.Ready,-57.09
2025-03-20 00:00:02.315020,TaskState.Suspended,TaskState.Blocked,TaskState.Blocked,TaskState.Running,-57.34
2025-03-20 00:00:02.315500,TaskState.Running,TaskState.Blocked,TaskState.Blocked,TaskState.Ready,-57.34
2025-03-20 00:00:02.315630,TaskState.Suspended,TaskState.Blocked,TaskState.Blocked,TaskState.Running,-57.60
2025-03-20 00:00:02.315980,TaskState.Running,TaskState.Blocked,TaskState.Blocked,TaskState.Ready,-57.60
2025-03-20 00:00:02.316120,TaskState.Suspended,TaskState.Blocked,TaskState.Blocked,TaskState.Running,-57.86
2025-03-20 00:00:02.316230,TaskState.Running,TaskState.Blocked,TaskState.Blocked,TaskState.Ready,-57.86
2025-03-20 00:00:02.316370,TaskState.Suspended,TaskState.Blocked,TaskState.Blocked,TaskState.Running,-58.11
2025-03-20 00:00:02.316570,TaskState.Running,TaskState.Blocked,TaskState.Blocked,TaskState.Ready,-58.11
2025-03-20 00:00:02.316700,TaskState.Suspended,TaskState.Blocked,TaskState.Blocked,TaskState.Running,-58.37
2025-03-20 00:00:02.317160,TaskState.Running,TaskState.Blocked,TaskState.Blocked,TaskState.Ready,-58.37
2025-03-20 00:00:02.317300,TaskState.Suspended,TaskState.Blocked,TaskState.Blocked,TaskState.Running,-58.63
2025-03-20 00:00:02.317670,TaskState.Running,TaskState.Blocked,TaskState.Blocked,TaskState.Ready,-58.63
2025-03-20 00:00:02.317810,TaskState.Suspended,TaskState.Blocked,TaskState.Blocked,TaskState.Running,-58.89
2025-03-20 00:00:02.317910,TaskState.Running,TaskState.Blocked,TaskState.Blocked,TaskState.Ready,-58.89
2025-03-20 00:00:02.318060,TaskState.Suspended,TaskState.Blocked,TaskState.Blocked,TaskState.Running,-59.14
2025-03-20 00:00:02.318260,TaskState.Running,TaskState.Blocked,TaskState.Blocked,TaskState.Ready,-59.14
2025-03-20 00:00:02.318400,TaskState.Suspended,TaskState.Blocked,TaskState.Blocked,TaskState.Running,-59.40
2025-03-20 00:00:02.318850,TaskState.Running,TaskState.Blocked,TaskState.Blocked,TaskState.Ready,-59.40
2025-03-20 00:00:02.318990,TaskState.Suspended,TaskState.Blocked,TaskState.Blocked,TaskState.Running,-59.66
2025-03-20 00:00:02.319410,TaskState.Running,TaskState.Blocked,TaskState.Blocked,TaskState.Ready,-59.66
2025-03-20 00:00:02.319540,TaskState.Suspended,TaskState.Blocked,TaskState.Blocked,TaskState.Running,-59.91
2025-03-20 00:00:02.319640,TaskState.Running,TaskState.Blocked,TaskState.Blocked,TaskState.Ready,-59.91
2025-03-20 00:00:02.319780,TaskState.Suspended,TaskState.Blocked,TaskState.Blocked,TaskState.Running,-60.17
2025-03-20 00:00:02.319940,TaskState.Running,TaskState.Blocked,TaskState.Blocked,TaskState.Ready,-60.17
2025-03-20 00:00:02.478710,TaskState.Suspended,TaskState.Blocked,TaskState.Blocked,TaskState.Running,-99.00
2025-03-20 00:00:02.478710,TaskState.Suspended,TaskState.Blocked,TaskState.Blocked,TaskState.Running,-99.00
2025-03-20 00:00:02.478710,TaskState.Suspended,TaskState.Blocked,TaskState.Blocked,TaskState.Running,-99.00
2025-03-20 00:00:02.478710,TaskState.Suspended,TaskState.Blocked,TaskState.Blocked,TaskState.Running,-99.00
2025-03-20 00:00:02.478710,TaskState.Suspended,TaskState.Blocked,TaskState.Blocked,TaskState.Running,-99.00
2025-03-20 00:00:02.480430,TaskState.Suspended,TaskState.Blocked,TaskState.Blocked,TaskState.Running,-98.74
2025-03-20 00:00:02.481060,TaskState.Running,TaskState.Blocked,TaskState.Blocked,TaskState.Ready,-98.74
2025-03-20 00:00:02.481210,TaskState.Suspended,TaskState.Blocked,TaskState.Blocked,TaskState.Running,-98.49
2025-03-20 00:00:02.483260,TaskState.Running,TaskState.Blocked,TaskState.Blocked,TaskState.Ready,-98.49
2025-03-20 00:00:02.483400,TaskState.Suspended,TaskState.Blocked,TaskState.Blocked,TaskState.Running,-98.23
2025-03-20 00:00:02.484470,TaskState.Running,TaskState.Blocked,TaskState.Blocked,TaskState.Ready,-98.23
2025-03-20 00:00:02.484610,TaskState.Suspended,TaskState.Blocked,TaskState.Blocked,TaskState.Running,-97.97
2025-03-20 00:00:02.485270,TaskState.Running,TaskState.Blocked,TaskState.Blocked,TaskState.Ready,-97.97
2025-03-20 00:00:02.485400,TaskState.Suspended,TaskState.Blocked,TaskState.Blocked,TaskState.Running,-97.71
2025-03-20 00:00:02.486910,TaskState.Running,TaskState.Blocked,TaskState.Blocked,TaskState.Ready,-97.71
2025-03-20 00:00:02.487060,TaskState.Suspended,TaskState.Blocked,TaskState.Blocked,TaskState.Running,-97.46
2025-03-20 00:00:02.489080,TaskState.Running,TaskState.Blocked,TaskState.Blocked,TaskState.Ready,-97.46
2025-03-20 00:00:02.489220,TaskState.Suspended,TaskState.Blocked,TaskState.Blocked,TaskState.Running,-97.20
2025-03-20 00:00:02.490040,TaskState.Suspended,TaskState.Running,TaskState.Blocked,TaskState.Ready,-97.20
2025-03-20 00:00:02.490250,TaskState.Running,TaskState.Ready,TaskState.Blocked,TaskState.Ready,-97.20
2025-03-20 00:00:02.490400,TaskState.Suspended,TaskState.Running,TaskState.Blocked,TaskState.Ready,-96.94
2025-03-20 00:00:02.490550,TaskState.Suspended,TaskState.Blocked,TaskState.Blocked,TaskState.Running,-96.94
2025-03-20 00:00:02.491060,TaskState.Running,TaskState.Blocked,TaskState.Blocked,TaskState.Ready,-96.94
2025-03-20 00:00:02.491220,TaskState.Suspended,TaskState.Blocked,TaskState.Blocked,TaskState.Running,-96.69
2025-03-20 00:00:02.492890,TaskState.Running,TaskState.Blocked,TaskState.Blocked,TaskState.Ready,-96.69
2025-03-20 00:00:02.493040,TaskState.Suspended,TaskState.Blocked,TaskState.Blocked,TaskState.Running,-96.43
2025-03-20 00:00:02.495320,TaskState.Running,TaskState.Blocked,TaskState.Blocked,TaskState.Ready,-96.43
2025-03-20 00:00:02.495470,TaskState.Suspended,TaskState.Blocked,TaskState.Blocked,TaskState.Running,-96.17
2025-03-20 00:00:02.496620,TaskState.Running,TaskState.Blocked,TaskState.Blocked,TaskState.Ready,-96.17
2025-03-20 00:00:02.496770,TaskState.Suspended,TaskState.Blocked,TaskState.Blocked,TaskState.Running,-95.91
2025-03-20 00:00:02.497560,TaskState.Running,TaskState.Blocked,TaskState.Blocked,TaskState.Ready,-95.91
2025-03-20 00:00:02.497700,TaskState.Suspended,TaskState.Blocked,TaskState.Blocked,TaskState.Running,-95.66
2025-03-20 00:00:02.499830,TaskState.Running,TaskState.Blocked,TaskState.Blocked,TaskState.Ready,-95.66
2025-03-20 00:00:02.499970,TaskState.Suspended,TaskState.Blocked,TaskState.Blocked,TaskState.Running,-95.40
2025-03-20 00:00:02.500070,TaskState.Suspended,TaskState.Running,TaskState.Blocked,TaskState.Ready,-95.40
2025-03-20 00:00:02.500320,TaskState.Suspended,TaskState.Blocked,TaskState.Blocked,TaskState.Running,-95.40
2025-03-20 00:00:02.502660,TaskState.Running,TaskState.Blocked,TaskState.Blocked,TaskState.Ready,-95.40
2025-03-20 00:00:02.502790,TaskState.Suspended,TaskState.Blocked,TaskState.Blocked,TaskState.Running,-95.14
2025-03-20 00:00:02.504430,TaskState.Running,TaskState.Blocked,TaskState.Blocked,TaskState.Ready,-95.14
2025-03-20 00:00:02.504580,TaskState.Suspended,TaskState.Blocked,TaskState.Blocked,TaskState.Running,-94.89
2025-03-20 00:00:02.505840,TaskState.Running,TaskState.Blocked,TaskState.Blocked,TaskState.Ready,-94.89
2025-03-20 00:00:02.505970,TaskState.Suspended,TaskState.Blocked,TaskState.Blocked,TaskState.Running,-94.63
2025-03-20 00:00:02.508640,TaskState.Running,TaskState.Blocked,TaskState.Blocked,TaskState.Ready,-94.63
2025-03-20 00:00:02.508780,TaskState.Suspended,TaskState.Blocked,TaskState.Blocked,TaskState.Running,-94.37
2025-03-20 00:00:02.510030,TaskState.Suspended,TaskState.Running,TaskState.Blocked,TaskState.Ready,-94.37
2025-03-20 00:00:02.510270,TaskState.Suspended,TaskState.Blocked,TaskState.Blocked,TaskState.Running,-94.37
2025-03-20 00:00:02.512610,TaskState.Running,TaskState.Blocked,TaskState.Blocked,TaskState.Ready,-94.37
2025-03-20 00:00:02.512760,TaskState.Suspended,TaskState.Blocked,TaskState.Blocked,TaskState.Running,-94.11
2025-03-20 00:00:02.515040,TaskState.Running,TaskState.Blocked,TaskState.Blocked,TaskState.Ready,-94.11
2025-03-20 00:00:02.515180,TaskState.Suspended,TaskState.Blocked,TaskState.Blocked,TaskState.Running,-93.86
2025-03-20 00:00:02.517350,TaskState.Running,TaskState.Blocked,TaskState.Blocked,TaskState.Ready,-93.86
2025-03-20 00:00:02.517500,TaskState.Suspended,TaskState.Blocked,TaskState.Blocked,TaskState.Running,-93.60
2025-03-20 00:00:02.520030,TaskState.Suspended,TaskState.Running,TaskState.Blocked,TaskState.Ready,-93.60
2025-03-20 00:00:02.520270,TaskState.Suspended,TaskState.Blocked,TaskState.Blocked,TaskState.Running,-93.60
2025-03-20 00:00:02.521890,TaskState.Running,TaskState.Blocked,TaskState.Blocked,TaskState.Ready,-93.60
2025-03-20 00:00:02.522040,TaskState.Suspended,TaskState.Blocked,TaskState.Blocked,TaskState.Running,-93.34
2025-03-20 00:00:02.530030,TaskState.Suspended,TaskState.Running,TaskState.Blocked,TaskState.Ready,-93.34
2025-03-20 00:00:02.530270,TaskState.Suspended,TaskState.Blocked,TaskState.Blocked,TaskState.Running,-93.34
2025-03-20 00:00:02.531550,TaskState.Running,TaskState.Blocked,TaskState.Blocked,TaskState.Ready,-93.34
2025-03-20 00:00:02.531700,TaskState.Suspended,TaskState.Blocked,TaskState.Blocked,TaskState.Running,-93.09
2025-03-20 00:00:02.540030,TaskState.Suspended,TaskState.Running,TaskState.Blocked,TaskState.Ready,-93.09
2025-03-20 00:00:02.540280,TaskState.Suspended,TaskState.Blocked,TaskState.Blocked,TaskState.Running,-93.09
2025-03-20 00:00:02.550030,TaskState.Suspended,TaskState.Running,TaskState.Blocked,TaskState.Ready,-93.09
2025-03-20 00:00:02.550270,TaskState.Suspended,TaskState.Blocked,TaskState.Blocked,TaskState.Running,-93.09
2025-03-20 00:00:02.560030,TaskState.Suspended,TaskState.Running,TaskState.Blocked,TaskState.Ready,-93.09
2025-03-20 00:00:02.560270,TaskState.Suspended,TaskState.Blocked,TaskState.Blocked,TaskState.Running,-93.09
2025-03-20 00:00:02.570040,TaskState.Suspended,TaskState.Running,TaskState.Blocked,TaskState.Ready,-93.09
2025-03-20 00:00:02.570270,TaskState.Suspended,TaskState.Blocked,TaskState.Blocked,TaskState.Running,-93.09
2025-03-20 00:00:02.580030,TaskState.Suspended,TaskState.Running,TaskState.Blocked,TaskState.Ready,-93.09
2025-03-20 00:00:02.580280,TaskState.Suspended,TaskState.Blocked,TaskState.Blocked,TaskState.Running,-93.09
2025-03-20 00:00:02.590030,TaskState.Suspended,TaskState.Running,TaskState.Blocked,TaskState.Ready,-93.09
2025-03-20 00:00:02.590270,TaskState.Suspended,TaskState.Blocked,TaskState.Blocked,TaskState.Running,-93.09
2025-03-20 00:00:02.600030,TaskState.Suspended,TaskState.Running,TaskState.Blocked,TaskState.Ready,-93.09
2025-03-20 00:00:02.600270,TaskState.Suspended,TaskState.Blocked,TaskState.Blocked,TaskState.Running,-93.09
2025-03-20 00:00:02.610030,TaskState.Suspended,TaskState.Running,TaskState.Blocked,TaskState.Ready,-93.09
2025-03-20 00:00:02.610270,TaskState.Suspended,TaskState.Blocked,TaskState.Blocked,TaskState.Running,-93.09
2025-03-20 00:00:02.620030,TaskState.Suspended,TaskState.Running,TaskState.Blocked,TaskState.Ready,-93.09
2025-03-20 00:00:02.620280,TaskState.Suspended,TaskState.Blocked,TaskState.Blocked,TaskState.Running,-93.09
2025-03-20 00:00:02.630030,TaskState.Suspended,TaskState.Running,TaskState.Blocked,TaskState.Ready,-93.09
2025-03-20 00:00:02.630270,TaskState.Suspended,TaskState.Blocked,TaskState.Blocked,TaskState.Running,-93.09
2025-03-20 00:00:02.640030,TaskState.Suspended,TaskState.Running,TaskState.Blocked,TaskState.Ready,-93.09
2025-03-20 00:00:02.640270,TaskState.Suspended,TaskState.Blocked,TaskState.Blocked,TaskState.Running,-93.09
2025-03-20 00:00:02.650030,TaskState.Suspended,TaskState.Running,TaskState.Blocked,TaskState.Ready,-93.09
2025-03-20 00:00:02.650270,TaskState.Suspended,TaskState.Blocked,TaskState.Blocked,TaskState.Running,-93.09
2025-03-20 00:00:02.660030,TaskState.Suspended,TaskState.Running,TaskState.Blocked,TaskState.Ready,-93.09
2025-03-20 00:00:02.660280,TaskState.Suspended,TaskState.Blocked,TaskState.Blocked,TaskState.Running,-93.09
2025-03-20 00:00:02.670030,TaskState.Suspended,TaskState.Running,TaskState.Blocked,TaskState.Ready,-93.09
2025-03-20 00:00:02.670270,TaskState.Suspended,TaskState.Blocked,TaskState.Blocked,TaskState.Running,-93.09
2025-03-20 00:00:02.680030,TaskState.Suspended,TaskState.Running,TaskState.Blocked,TaskState.Ready,-93.09
2025-03-20 00:00:02.680270,TaskState.Suspended,TaskState.Blocked,TaskState.Blocked,TaskState.Running,-93.09
